3050 5084
597 353 772 412 43„

207 534 237 616 c)
261 534 383 601 Eadem
408 537 476 601 tere
500 538 599 602 verba
615 538 769 603 exhibent
786 546 939 623 excerpta
956 539 1127 606 Audacis
1151 543 1219 621 (Gr.
1233 539 1270 606 L.

102 642 173 722 Vll,
198 643 275 724 324,
303 645 373 722 10);
406 643 558 708 Clausula
575 643 652 726 quid
669 644 740 709 est?
767 644 982 730 „Compositio
1000 647 1168 711 verborum
1185 648 1273 732 plau-

97 749 183 814 sibili
199 755 358 814 structura
382 749 424 814 ad
448 752 569 816 exitum
595 749 797 816 ter·minata.“

206 855 240 936 d)
266 855 514 938 Consentius,
540 858 618 922 artis
642 878 673 941 p.
691 858 755 921 393
782 859 849 937 (Gr.
864 859 902 923 L.
922 860 972 939 V),
998 860 1093 925 dicit:
1122 860 1206 943 ,Sed
1231 860 1272 926 de

98 962 161 1028 hoc
183 983 302 1046 genere
326 963 495 1028 scribendo
513 965 641 1048 longum
660 972 708 1030 est
730 986 813 1029 nune
836 966 1010 1051 disputare,
1036 988 1106 1031 curn
1123 969 1164 1033 sit
1180 970 1273 1033 nobis

97 1070 278 1135 destinatus
301 1073 448 1156 proprius
472 1072 582 1136 titulus
607 1072 648 1136 de
672 1079 900 1138 structurarum
930 1075 1063 1156 ratione,
1094 1076 1148 1139 ubi
1178 1077 1272 1161 plane

97 1179 273 1242 exscrutati
306 1178 468 1259 fuerimus,
504 1179 745 1262 quibusmodis
780 1181 882 1245 bonae
910 1188 1090 1246 structurae
1125 1183 1207 1247 fiant
1240 1190 1272 1248 et

97 1285 339 1365 quibusmodis
364 1287 514 1366 vitiosae,
552 1278 664 1350 eodem
688 1288 758 1370 ipso
782 1287 876 1352 titulo
901 1288 1009 1353 doceri
1034 1296 1193 1372 poterunt,
1218 1292 1271 1372 qui

97 1392 161 1456 boc
184 1412 284 1474 genus
308 1394 496 1458 barbarismi
515 1395 617 1458 vitare
635 1394 803 1476 voluerint,
828 1416 891 1477 qua
908 1397 1031 1461 ratione
1051 1403 1157 1462 rectas
1173 1403 1272 1463 struc-

97 1506 187 1564 turas
211 1500 373 1581 sequendo
398 1501 475 1563 nihil
501 1502 533 1564 in
558 1501 754 1585 temporibus
773 1503 960 1566 barbarismi
978 1508 1128 1586 ponant.“
1171 1505 1272 1569 Totus

96 1607 252 1673 sermonis
285 1614 376 1671 tenor
406 1607 704 1690 ProhilSacerdotis
739 1610 844 1673 stilum
882 1630 920 1673 ac
958 1611 1134 1674 sententias
1169 1613 1270 1695 sapit;

96 1735 196 1796 quare
220 1714 304 1778 illius
329 1721 500 1779 tractatum
525 1715 709 1780 adhibuisse
734 1715 861 1780 videtur
886 1715 1083 1781 Consentius.
1122 1718 1270 1805 tortasse

96 1822 152 1885 ille
176 1840 269 1903 quem
297 1821 466 1905 pollicetur
482 1814 639 1904 quemque
656 1822 806 1886 amissum
824 1822 967 1888 dolemus
984 1829 1140 1888 tractatus
1167 1825 1270 1908 nobis,

97 1929 124 1992 si
150 1938 295 1993 servatus
319 1936 414 2009 esset,
439 1936 582 2012 optatum
608 1929 649 1992 ad
674 1925 904 2012 perquirendas
929 1930 1087 1994 clausulas
1116 1931 1269 1995 auxilium

96 2036 308 2120 praebuisset.

206 2145 236 2223 e)
261 2144 391 2209 Julius
415 2143 554 2208 Victor
579 2143 696 2224 (Halm,
722 2143 802 2207 rhet.
821 2143 857 2206 L.
875 2145 950 2211 min.
968 2165 999 2227 p.
1016 2145 1095 2225 433)
1119 2145 1270 2209 nonnulla

96 2251 197 2315 verba
221 2250 261 2314 de
285 2271 414 2315 numero
427 2250 515 2315 fecit.
556 2250 739 2316 Ciceronem
760 2252 808 2314 vel
827 2250 1055 2327 Quintilianum
1072 2254 1270 2336 excerpsisse

95 2356 234 2422 videtur.
282 2357 346 2423 Sed
372 2344 486 2422 verba:
521 2358 609 2442 „Nec
634 2360 772 2422 creticus
795 2378 852 2442 pes
876 2366 1005 2442 saepius
1029 2357 1267 2440 ir·equcntetur“

95 2470 218 2529 certum
244 2472 464 2547 argumentum
489 2465 645 2550 praebere
669 2473 758 2548 puto,
785 2465 945 2529 Victorem
970 2465 1133 2546 classicus,
1166 2472 1201 2529 ut
1225 2467 1270 2530 ita

94 2571 214 2654 dicam,
239 2572 397 2637 clausulas
420 2593 483 2637 non
507 2591 686 2656 usurpasse.

595 2770 643 2835 Ca
667 2777 701 2834 ut
726 2770 768 2833 ΙΙ.

94 2892 277 2981 Quomodo
301 2894 340 2958 hi
366 2896 533 2961 auctores
557 2791 664 2958 interp
680 2911 720 2958 re
745 2892 967 2958 cohaereant
991 2894 1027 2958 et
1051 2892 1268 2976 discrepent.

203 3017 357 3094 Quoniam
383 3019 525 3101 singulos
549 3017 795 3102 perquisivimus
819 3025 977 3096 auctores,
1002 3037 1086 3082 nunc
1110 3019 1268 3101 quomodo

93 3125 179 3188 inter
211 3145 245 3189 se
279 3125 472 3188 cohaereant
496 3130 527 3189 et
561 3123 765 3207 dependeant
800 3123 1038 3205 investigemus.
1087 3124 1199 3189 Cicero
1227 3127 1268 3191 ab

93 3231 241 3296 omnibus
264 3232 332 3296 tere
357 3232 550 3312 auctoribus,
576 3229 730 3314 imprimis
759 3230 954 3294 aMartiano
972 3230 1115 3314 Capella,
1141 3234 1266 3298 citatur.

93 3337 324 3415 Quintilianum
348 3340 510 3423 excerpsit
527 3337 709 3413 Diomedes,
734 3346 769 3400 ut
793 3336 957 3421 exemplis,
983 3357 1065 3419 quae
1089 3339 1268 3406 communia

28 3502 29 3505 ,
94 3445 225 3528 habent,
260 3447 436 3511 luculenter
459 3448 616 3512 evincitur
642 3446 695 3526 (cf.
720 3466 751 3530 p.
781 3447 841 3524 10).
890 3446 1008 3510 Ultima
1032 3448 1130 3511 verba
1156 3446 1267 3514 Varro·

92 3554 143 3616 nis
182 3565 282 3616 artem
313 3574 426 3638 sapere
450 3554 572 3620 Usener
608 3553 805 3638 probavit¹).
856 3551 1124 3617 Verisimillimum
1160 3554 1267 3637 igitur,

28 3658 30 3661 ’
93 3658 282 3722 Diomedem
318 3661 349 3723 in
386 3661 446 3725 hoc
470 3681 594 3743 quoque
619 3661 736 3744 capite,
771 3666 807 3724 ut
831 3660 921 3738 solet,
958 3659 1093 3743 plurium
1129 3660 1263 3725 fontium

28 3818 29 3823 ,
93 3765 274 3829 doctrinam
300 3768 514 3848 commiscere,
551 3769 610 3831 etsi
634 3767 708 3832 fieri
733 3772 850 3850 potest,
881 3773 915 3830 ut
939 3775 1072 3849 uterque
1097 3768 1266 3832 Varronia-

28 3864 30 3867 ’
92 3894 168 3937 nam
185 3874 339 3958 praebeat
355 3873 542 3938 doctrinam.
572 3874 792 3938 Clausularum
810 3872 1041 3954 collectionem,
1067 3893 1148 3954 quae
1163 3873 1266 3940 Probo

92 3979 248 4045 adiuncta
271 3988 330 4064 est,
354 3971 557 4047 summarium
582 3979 675 4046 Caesi
701 3981 793 4046 Bassi
817 3979 871 4062 qui
901 3979 1086 4044 inscribitur
1110 3999 1266 4045 commen-

92 4088 168 4152 tarii
185 4108 265 4171 esse,
283 4088 418 4154 ostendi.
456 4090 684 4171 Fragmentum
697 4089 856 4153 Bohiense
874 4088 1011 4151 Probum
1029 4095 1264 4153 commemorat.

92 4194 219 4276 Omnia,
238 4205 388 4276 quantum
403 4196 517 4279 potuit,
534 4195 717 4261 testimonia
733 4194 902 4278 collegisse
920 4193 1046 4258 videtur
1063 4194 1208 4258 Rufinus.
1222 4231 1265 4241 -

92 4300 159 4366 Sed
195 4305 292 4368 ceteri
317 4310 464 4369 auctores
487 4300 703 4388 posteriorum:
726 4302 925 4367 sacculorum
946 4321 1008 4383 quo
1033 4301 1159 4364 vinculo
1183 4302 1266 4367 inter

201 4517 228 4584 1)
249 4516 290 4571 Ol.
311 4515 442 4571 Nordeni
464 4515 501 4583 II,
520 4516 581 4584 929,
600 4514 668 4568 adn.
688 4516 712 4569 2.
