3050 5084
573 353 749 424 ..17⁶

34 626 36 629 ¹
85 550 174 616 facile
190 551 350 633 effingere
366 554 482 635 potest.
516 548 688 627 Quaeritur
704 569 791 633 ergo,
817 568 899 631 quae
916 547 1128 614 clausularum
1145 548 1248 613 forma

85 658 211 742 singulis
235 657 418 724 auctoribus
447 657 488 722 sit
512 655 718 721 vindicanda.
766 655 927 741 Optimum
954 655 1030 720 mihi
1055 655 1182 721 videtur
1205 655 1248 721 ad

85 765 321 849 persolvendam
342 764 561 847 quaestionem
578 763 791 829 clausularum
808 762 964 845 originem
981 782 1106 829 cursum
1131 762 1250 847 gradus

87 872 293 938 considerare.
341 871 484 937 Oratoris
517 890 640 935 summa
672 871 775 936 uirtus
807 876 856 935 est
888 870 953 952 illa,
990 890 1072 952 quae
1096 871 1195 935 verba
1218 878 1251 936 et

85 980 243 1045 enuntiata
258 979 305 1044 ita
317 979 475 1063 exprimat
488 986 520 1043 et
533 984 713 1062 componat,
727 984 762 1042 ut
779 978 911 1060 quaevis
923 978 1022 1042 uerba
1039 978 1129 1060 quasi
1142 977 1250 1061 imago

85 1086 260 1170 rhythmica
275 1088 338 1151 sint
362 1087 430 1150 eius
447 1106 542 1168 quam
559 1084 740 1168 exprimunt
756 1083 905 1150 notionis.
922 1136 924 1140 »
953 1083 1168 1162 Quintilianus
1190 1085 1249 1167 IX,

34 1230 36 1265 2
84 1196 114 1275 4,
133 1194 192 1258 139
208 1193 335 1258 scribit:
364 1191 478 1278 ,Quid
503 1213 565 1257 non
576 1213 646 1256 vvon
663 1199 695 1257 et
711 1198 822 1277 gestus
838 1189 1098 1257 accommodatur
1116 1198 1250 1256 naturae

34 1296 36 1379 i
84 1301 221 1385 ipsarum
245 1299 286 1365 de
310 1301 424 1383 quibus
453 1298 590 1364 dicimus
618 1298 746 1363 rerum?
794 1299 863 1376 Quo
893 1299 995 1364 minus
1024 1297 1058 1371 id
1082 1299 1195 1363 mirum
1218 1300 1251 1363 in

34 1388 36 1485 ἶ
87 1407 217 1491 pedibus
241 1407 404 1489 orationis,
438 1427 509 1471 cum
534 1406 673 1471 debeant
706 1406 855 1471 sublimia
887 1405 1023 1489 ingredi,
1057 1405 1140 1470 lenia
1165 1404 1250 1488 duci,

85 1515 167 1579 acria
198 1534 333 1597 currere,
369 1513 509 1578 delicata
536 1512 657 1578 fluere“
674 1516 710 1592 ¹).
765 1512 830 1578 Sed
865 1512 944 1577 illud
976 1511 1145 1578 difficilius
1172 1519 1251 1595 erat,

34 1604 48 1707 ³,
85 1642 175 1704 quam
211 1628 245 1686 ut
280 1626 388 1706 posset
423 1621 579 1705 praestari
613 1622 653 1685 ab
688 1622 842 1686 omnibus.
911 1620 1016 1699 Quare
1057 1622 1090 1685 in
1124 1619 1249 1685 incisio·

42 1760 57 1785 ν
84 1728 173 1793 nibus
207 1728 283 1794 solis
318 1729 471 1793 orationis
506 1734 624 1792 certam
658 1729 814 1793 rationem
850 1748 1050 1793 numerosam
1085 1726 1252 1792 adfectare

83 1836 159 1901 satis
182 1855 252 1902 esse
288 1834 446 1901 duxerunt
482 1841 631 1899 oratores.
686 1834 742 1900 Sic
766 1837 941 1915 extiterunt
964 1835 1137 1916 clausulae,
1169 1854 1252 1917 quae

34 1966 36 2031 r
82 1943 171 2007 initio
202 1943 300 2007 variis
331 1943 431 2007 fictae
458 1943 607 2023 numeris,
639 1943 755 2007 sensim
788 1943 818 2005 in
840 1938 1052 2025 'angustiores
1086 1941 1169 2025 fines
1202 1961 1253 2007 co-

34 2042 36 2189 ,
82 2055 206 2115 artatae
244 2055 326 2114 sunt.
374 2049 451 2113 Post
493 2049 534 2113 ab
574 2050 714 2113 oratoria
752 2048 922 2133 disciplina
960 2049 993 2112 in
1031 2049 1095 2113 alia
1133 2068 1253 2132 genera

33 2192 36 2235 ς
80 2156 207 2223 dicendi
231 2158 441 2242 inrepserunt.
482 2155 583 2222 Omne
610 2156 778 2241 pristinum
801 2156 891 2238 ἦθος,
927 2164 962 2221 ut
986 2155 1110 2221 Graece
1134 2155 1251 2235 dicam,

34 2262 35 2265 ’
80 2264 240 2331 clausulas
264 2265 380 2330 sensim
405 2264 548 2329 amisisse
573 2264 623 2330 vel
647 2263 722 2329 inde
746 2265 862 2346 elucet,
893 2262 979 2346 quod
1003 2283 1073 2328 eam
1097 2264 1253 2329 rationem

34 2436 35 2453 ,
80 2372 244 2436 metricam
263 2377 454 2437 consecutae
470 2377 553 2449 sunt,
577 2378 722 2454 utquam
739 2372 914 2436 maximea
937 2378 1103 2455 poetarum
1128 2372 1253 2436 usitatis

34 2498 36 2567 p
80 2479 225 2545 versibus
250 2476 479 2563 discreparent.
516 2480 610 2545 Nam
636 2498 709 2543 eur
736 2479 941 2544 clausulae
959 2477 1252 2543 huiusformae:

80 2608 212 2656 abac„
240 2605 306 2669 per
335 2605 377 2650 se
405 2586 635 2651 verborum
667 2605 917 2671 compagem
941 2605 1021 2649 non
1045 2590 1128 2649 tam
1153 2584 1254 2650 volu·

34 2726 36 2781 ἰ
77 2693 241 2758 biliter
268 2692 318 2758 ad
353 2699 589 2757 extremum
622 2692 873 2777 perducant
907 2712 1028 2773 quam
1062 2698 1253 2775 ceterae,

34 2786 36 2855 ἕ
77 2798 282 2882 equidem
318 2799 597 2883 intellegere
632 2821 713 2865 non
747 2820 931 2885 possum.
962 2798 1094 2863 -Sed
1130 2800 1254 2864 clausu-

77 2908 183 2972 larum
207 2913 312 2972 certas
335 2908 454 2972 formas
479 2906 620 2972 evasisse
644 2914 678 2971 ut
701 2909 829 2989 scimus,
865 2906 912 2971 ita
940 2922 1022 2989 quae
1050 2906 1169 2971 fuerint
1192 2907 1254 2972 usi·

76 3014 256 3079 latissimae
280 3013 446 3079 clausulae
471 3014 626 3079 classicae
659 3034 699 3079 ex
722 3013 870 3078 doctrina
894 3018 1034 3078 veterum
1059 3014 1154 3097 plane
1179 3034 1254 3098 cog-

34 3108 36 3153 *
76 3121 169 3186 nosci
193 3141 256 3184 non
281 3126 397 3204 potest.
445 3121 528 3187 Nam
553 3141 601 3203 ea,
637 3140 719 3203 quae
743 3121 945 3204 grammatici
970 3119 1010 3185 de
1038 3119 1099 3185 hae
1124 3141 1157 3187 re
1181 3124 1254 3188 scri-

34 3214 36 3299 l
76 3234 222 3314 pserunt,
247 3246 447 3310 nequaquam
473 3226 616 3292 dilucida
646 3248 716 3293 esse
744 3248 841 3314 supra
871 3226 1009 3294 ostendi.
1056 3229 1129 3295 Non
1152 3231 1253 3296 solum

34 3358 36 3405 ὲ
76 3336 163 3400 inter
186 3354 221 3399 se
245 3333 445 3408 dissentiunt,
469 3333 527 3400 sed
551 3336 680 3419 saepius
703 3355 744 3401 ne
768 3334 847 3420 ipsis
870 3334 931 3400 sibi
949 3333 1077 3417 quidem
1095 3344 1252 3403 constant.

34 3414 36 3515 l
75 3441 129 3507 Oi.
142 3461 226 3523 quae
239 3442 375 3518 Schanz,
386 3441 558 3508 Romische
569 3443 946 3526 Litteraturgescbiehte,
959 3444 990 3508 Ι2
1000 3464 1030 3528 p.
1043 3444 1107 3508 292
1118 3443 1254 3510 disserit.

79 3549 186 3634 „Sebr
210 3548 410 3614 ausfbhrlicb
434 3550 556 3633 spricht
581 3551 721 3631 (Cicero)
745 3550 814 3616 sich
839 3572 890 3616 am
907 3550 1059 3616 Scblusse
1083 3550 1154 3631 (des
1178 3551 1256 3618 Ora·

34 3652 36 3747 ,
75 3656 160 3733 tors)
186 3655 264 3719 uber
288 3654 351 3719 den
366 3655 593 3722 reduerischen
607 3658 766 3724 Numerus
781 3678 848 3724 aus.
889 3657 933 3722 Es
949 3644 1094 3722 istnicht
1118 3658 1256 3724 zweifel-

74 3761 162 3843 haft,
200 3761 274 3827 dass
306 3781 339 3826 cr
375 3762 456 3827 auch
492 3765 524 3827 in
555 3762 661 3829 dieser
685 3764 835 3829 Hinsicht
858 3763 1010 3847 Angrilfe
1044 3765 1256 3830 abzuwehren

75 3866 204 3934 hatte“.
240 3868 409 3934 Restant
437 3870 560 3953 igitur
588 3889 675 3935 usus
706 3878 742 3936 et
771 3869 1015 3937 consuetudo
1045 3876 1256 3954 auctorum,

75 3992 182 4057 quae
206 3975 253 4040 ad
278 3976 573 4059 cognoscendas
597 3975 799 4041 clausulas
822 3979 953 4042 summi
969 3977 1148 4042 momenti
1173 3998 1256 4044 esse

75 4100 240 4147 censeo.
287 4083 357 4171 Hoc
381 4089 492 4149 tenens
516 4104 588 4149 cum
618 4085 819 4168 reperissem,
855 4084 992 4150 Plinium
1027 4086 1099 4170 plus
1133 4092 1256 4151 sextam

37 4184 49 4267 ,³
74 4195 207 4273 partem
231 4191 370 4254 omnium
395 4192 607 4256 clausularum
625 4191 743 4256 cretico
764 4193 881 4257 iterato
898 4191 1077 4273 effinxisse,
1102 4191 1256 4258 dicretico

34 4296 38 4329 l

193 4438 218 4506 1)
238 4438 280 4493 Of.
299 4438 427 4509 Dionysi
448 4440 599 4495 Halicarn.
620 4442 658 4496 de
672 4457 767 4511 comp.
782 4442 864 4496 verb.
878 4441 986 4509 XVIII,
1005 4441 1084 4506 §136
1103 4440 1258 4503 (Schaefer

73 4545 105 4601 p.
127 4528 204 4597 232).
532 4537 535 4544 ’

1081 4621 1098 4675 2
