3050 5084
583 353 757 409 ...15-

85 542 275 619 potest-
293 534 365 599 duo
389 555 540 620 semper
564 536 702 599 ultima
726 537 842 599 verba
867 535 1098 619 respiciunt,
1129 555 1255 599 mono-

85 642 240 726 syllaba
266 642 301 707 in
327 644 510 707 extremis
535 642 721 707 clausulis
746 651 939 726 respuunt,
965 643 1256 726 compositionis

85 770 218 813 vocum
245 752 438 814 rationem
466 750 622 814 hahent.
670 751 831 814 Accentus
860 751 1025 814 verborum
1051 760 1084 814 et
1107 750 1257 814 metricus

85 858 299 937 consentiunt,
335 857 368 921 id
393 856 477 940 quod
502 858 646 923 omnihus
670 857 735 922 fere
771 859 923 940 protatur
958 857 1121 939 exemplis.
1169 856 1256 933 Quo

85 984 276 1029 consensu
301 964 478 1029 adducor
502 974 543 1042 ut
562 965 634 1030 has
651 965 846 1029 clausulas
871 972 975 1029 totas
999 966 1077 1029 alia
1100 964 1257 1028 ratione

85 1091 132 1134 ac
180 1072 383 1137 classicae
424 1074 574 1137 aetatis
619 1080 801 1136 structas
847 1092 933 1136 esse
978 1071 1146 1151 credam,
1191 1073 1257 1135 ita

85 1178 261 1261 quidem
287 1186 335 1243 nt
359 1200 432 1244 nou
457 1187 576 1244 totam
603 1200 825 1264 compagem
850 1179 1056 1255 metricam,
1091 1179 1159 1244 sed
1185 1178 1256 1242 duo

84 1293 240 1350 tantum
276 1287 419 1350 ultima
458 1288 594 1365 verba,
631 1294 747 1368 atque
782 1295 982 1368 utrumque
1007 1286 1159 1368 quidem
1185 1287 1256 1349 sin-

84 1393 282 1476 gillatim,
328 1402 439 1459 certa
486 1413 662 1458 mensura
712 1384 1020 1477 adstringerent
1064 1400 1256 1457 auctores.

84 1499 178 1577 Quae
203 1501 309 1585 opinio
334 1501 586 1565 confirmabatur
612 1501 668 1564 illa
693 1521 737 1581 re,
763 1501 847 1581 quod
872 1521 984 1566 nomen
1011 1503 1112 1585 ipsum
1137 1501 1257 1563 numeri

84 1614 237 1687 mutatur,
274 1607 346 1671 aliis
385 1614 627 1687 „structuram“,
669 1610 740 1673 aliis
779 1609 1079 1692 „compositiouenr“
1119 1609 1258 1673 vocanti-

28 1754 29 1757 =
85 1717 146 1778 hus
163 1715 348 1780 clausulam.
408 1714 594 1783 Ciceronem
638 1723 748 1779 contra
788 1716 1049 1798 compositionem
1091 1715 1257 1779 verborum

28 2050 30 2063 l

28 2066 30 2075 r

84 1841 249 1885 anumero
263 1821 455 1902 distinxisse,
480 1820 624 1886 Oratoris
648 1827 689 1902 ἓξ
709 1824 781 1903 192,
799 1825 881 1905 201,
907 1824 981 1901 202,
1007 1824 1071 1886 219
1096 1832 1127 1887 et
1151 1824 1257 1906 impri-

85 1936 148 1993 mis
173 1948 255 2010 quae
278 1948 374 2013 supra
409 1931 483 2012 pl
521 1929 612 1993 attuli
638 1931 736 1993 verba
772 1931 897 1994 docent.
943 1932 1032 2007 Quae
1057 1932 1083 1995 si
1106 1933 1150 1993 ira
1175 1941 1257 2010 sunt,

84 2036 163 2099 illae
197 2036 358 2100 clausulae
394 2035 558 2099 medium
604 2036 792 2117 quendam
825 2045 960 2101 tenent
996 2037 1119 2102 locum
1155 2039 1258 2102 iuter

86 2142 327 2206 classicum
353 2150 393 2206 et
417 2142 710 2224 rhythmicum
735 2164 971 2225 numerum,
1005 2146 1076 2226 qui
1112 2145 1259 2209 indea

28 2212 30 2293 l
85 2248 1147 2334 saeculoquintopercrebruit—SedElterus,
1184 2273 1258 2334 quo-

28 2424 29 2427 ,
86 2376 160 2420 cum
203 2355 284 2420 haec
328 2357 569 2439 communicavi,
615 2379 711 2423 sese
757 2359 857 2423 huic
892 2361 1095 2442 opinioni
1132 2381 1258 2425 acce-

28 2512 31 2641 l

87 2463 565 2548 derepossenegavit.
613 2465 892 2530 Solumenim
929 2487 1079 2531 novum
1127 2467 1259 2533 dedu-

88 2570 218 2636 cendi
242 2572 417 2653 modum,
452 2593 532 2636 non
559 2573 782 2638 diversam
807 2575 1012 2665 struendi
1041 2577 1258 2640 rationem

29 2686 31 2729 ἰ
87 2698 128 2741 ex
153 2678 216 2742 illis
239 2679 392 2763 exemplis
417 2679 563 2744 concludi
589 2700 691 2764 posse.
738 2682 835 2745 Putat
859 2681 958 2763 igitur
982 2683 1030 2745 vir
1057 2682 1259 2747 doctissimus

29 2808 31 2849 1
87 2785 282 2868 posteriores
306 2787 532 2868 grammaticos
567 2808 649 2851 noro
685 2787 780 2852 modo
805 2788 964 2852 clausulas
986 2790 1032 2853 ita
1056 2789 1259 2872 explicuisse,

29 2974 31 2981 Ι
87 2913 150 2956 nou
176 2903 210 2955 ut
233 2891 398 2957 schemata
422 2894 584 2975 generalia
601 2894 798 2974 exhiberent,
824 2895 881 2958 sed
897 2896 1039 2978 singulas
1055 2896 1174 2959 formas
1190 2917 1259 2979 pro·

29 3046 30 3049 ,
88 3008 254 3083 ponerent,
279 3008 429 3084 utsupra
450 3022 480 3085 p.
499 3001 576 3084 8sp.
601 3001 792 3064 illustratum
809 3004 865 3081 sit3
890 3002 944 3065 sed
963 3003 1003 3066 ad
1022 3002 1260 3067 diiudicandam

29 3102 31 3165 l
90 3106 173 3170 hanc
187 3107 434 3170 controversiam
451 3107 519 3171 sola
535 3108 813 3189 grammaticorum
828 3109 1008 3172 testimonia
1021 3129 1083 3173 non
1095 3109 1259 3192 sulficere,

88 3212 274 3278 adhibenda
290 3215 396 3297 potius
420 3222 451 3277 et
468 3234 538 3277 curn
563 3214 625 3278 illis
642 3214 836 3278 conferenda
853 3236 923 3279 esse
939 3216 1076 3300 ipsorum
1095 3227 1258 3282 auctorum

89 3340 177 3384 usum
213 3328 244 3383 et
278 3320 434 3405 exempla.
482 3320 559 3384 Mihi
589 3328 693 3385 autern
724 3342 808 3386 nuuc
837 3321 964 3405 quidem
994 3325 1072 3388 satis
1101 3333 1150 3389 est
1178 3326 1260 3390 hanc

28 3436 31 3479 t
90 3429 349 3510 controversiam,
375 3428 416 3492 ad
441 3449 535 3510 quarn
553 3429 770 3512 stringendum
788 3450 862 3495 usus
879 3431 1014 3494 Pliniani
1039 3431 1260 3513 disquisitione

38 3588 45 3601 .
89 3533 248 3598 adductus
272 3555 350 3609 sum,
385 3539 497 3619 paucis
520 3537 676 3619 attigisse,
713 3537 861 3619 quoniam
886 3536 1007 3603 Plinius
1032 3538 1260 3604 Ciceronianae

90 3642 207 3704 aetatis
247 3641 405 3706 clausulas
444 3645 618 3728 usurpavit,
669 3647 710 3709 ad
751 3645 835 3727 quod
876 3645 1157 3711 demonstrandum
1196 3649 1259 3711 iam

89 3748 305 3830 accingamur.

581 3840 685 3925 Caput
710 3842 768 3906 lll.

180 3944 340 4010 Plinium
369 3945 542 4011 classicae
576 3946 709 4012 aetatis
743 3965 925 4014 numerum
965 3949 1172 4015 adhibuisse

538 4053 819 4121 demonstratur.

199 4177 335 4243 Plinium
361 4178 393 4241 in
410 4179 600 4263 usurpandis
624 4180 774 4245 clausulis
790 4181 925 4246 eandem
943 4184 1096 4247 rationem
1117 4192 1260 4249 secutum

91 4304 161 4349 csse
185 4305 224 4348 ac
248 4285 442 4366 Ciceronem,
467 4287 488 4349 i.
502 4305 530 4350 e.
554 4307 640 4352 mere
664 4289 840 4371 metricam,
864 4290 1017 4373 probatur
1040 4309 1078 4352 ea
1102 4310 1145 4371 re,
1176 4290 1260 4371 quod

92 4391 214 4455 Plinius
237 4392 395 4457 nonnullis
424 4391 503 4457 locis
526 4394 717 4459 imitatorem
742 4404 775 4458 et
798 4396 1026 4459 aemulatorem
1040 4396 1203 4462 Ciceronis
1226 4419 1260 4464 se

30 4506 31 4593 f
92 4518 162 4563 esse
175 4498 305 4580 fatetur,
322 4517 381 4563 nec
399 4506 458 4580 est,
472 4520 528 4563 cru
544 4520 691 4567 numeros
708 4504 776 4566 eius
795 4505 954 4585 sprevisse
971 4509 1126 4586 putemus,
1144 4503 1260 4573 deinde
