3050 5084
625 287 799 342 ..55-

120 478 287 537 accentu
310 470 477 537 metrico
501 475 706 554 congruat.
753 468 932 550 Wolffium‚
958 468 1011 550 qui
1035 474 1100 534 tam
1124 468 1295 552 diligenter

106 579 151 642 in
176 599 232 644 eas
255 584 386 661 formas,
423 598 505 660 quae
540 579 572 642 in
606 578 765 643 clausulas
787 560 970 660 quadrant,
1004 576 1180 659 inquisivit,
1216 576 1293 639 miro

120 686 215 751 modo
239 687 301 752 hoc
331 687 461 771 effugit.
509 685 544 752 Si
563 685 709 752 conferes
726 706 776 767 ea,
801 706 883 769 quae
913 707 943 770 p.
960 688 1003 749 44
1017 705 1086 766 sqq.
1112 684 1153 749 de
1178 685 1293 765 verbis,

41 786 44 793 ’
120 793 205 878 apud
224 795 363 859 Plinium
380 793 567 879 saepissime
585 794 743 859 clausulas
760 793 989 872 efficientibus,
1007 792 1153 872 disserui,
1170 812 1295 875 semper

119 900 190 966 fere
214 908 383 966 accentum
409 901 499 967 verbi
528 909 559 966 et
583 902 676 967 metri
702 921 877 985 congruere
901 901 1030 965 senties.
1077 898 1142 965 Sed
1167 906 1295 982 praeter

120 1010 219 1073 verba
243 1010 380 1094 plurima
403 1010 531 1075 nomina
557 1029 682 1092 quoque
705 1010 752 1074 ita
775 1016 848 1074 sunt
873 1014 1074 1073 constructa:

229 1139 260 1214 1)
300 1136 592 1219 Frequentissimae
637 1136 759 1200 formae
803 1134 999 1220 spondiacae
1039 1142 1071 1199 et
1110 1134 1294 1199 trochaicae

119 1283 258 1323 42,
282 1244 313 1307 in
339 1244 552 1334 clausularum
576 1243 605 1307 A
630 1243 686 1307 BD
715 1249 892 1308 extremum
917 1245 962 1306 ita
987 1241 1156 1323 quadrant,
1187 1250 1222 1305 ut
1245 1240 1303 1306 ac?
1368 1261 1372 1264 ’

121 1359 232 1416 centus
268 1352 358 1416 verbi
394 1356 547 1415 servetur.
602 1350 807 1435 Trisyllabae
842 1350 935 1414 huius
970 1369 1137 1414 mensurae
1173 1349 1295 1413 formae

89 1485 95 1494 ·
119 1504 187 1538 mv
197 1499 302 1526 ιω,
326 1461 357 1522 111
383 1460 419 1539 Β,
443 1498 623 1537 --0=--„
641 1460 674 1522 in
698 1459 759 1525 AD
777 1457 890 1522 eadem
915 1457 1037 1522 ratione
1062 1456 1191 1521 cadunt.
1228 1457 1295 1520 Has

120 1566 240 1631 formas
265 1568 359 1651 longe
384 1567 537 1650 plurimas
561 1558 631 1631 csse
654 1586 747 1630 nemo
772 1566 914 1648 negabit.

228 1676 261 1752 2)
287 1675 367 1738 Item
385 1675 524 1739 creticae
550 1694 646 1739 voces
671 1674 701 1738 in
718 1673 880 1738 clausulae
901 1673 925 1737 O
949 1674 1060 1738 ambos
1084 1672 1183 1756 pedes
1207 1675 1294 1736 etin

122 1782 286 1846 clausulae
311 1783 338 1844 A
363 1781 500 1866 priorem
534 1781 648 1867 pedem
673 1783 719 1845 ita
752 1780 881 1863 cadunt,
916 1788 950 1845 ut
974 1786 1126 1846 accentus
1151 1783 1238 1845 verhi
1264 1788 1295 1845 et

121 1889 213 1954 metri
238 1888 322 1953 idern
346 1890 396 1953 611.

228 1997 261 2073 3)
289 1997 459 2087 Dactylica
483 2017 609 2079 quoque
625 1997 752 2060 nomina
777 1998 809 2060 iu
825 1997 970 2060 ultimum
993 1995 1107 2079 pedem
1133 1996 1294 2061 clausulae

122 2103 146 2168 C
180 2122 316 2186 semper,
350 2104 382 2167 in
415 2104 552 2188 priorem
586 2102 702 2188 podem
736 2104 828 2167 cl.A
862 2103 943 2168 ctO
974 2112 1039 2166 tum
1068 2103 1227 2185 quadrant
1257 2143 1289 2148 -

122 2216 250 2275 seruato
275 2210 363 2274 verhi
388 2217 523 2275 accentu
546 2218 590 2256 '-
614 2228 685 2275 cum
711 2212 743 2274 in
768 2230 940 2275 consonam
964 2218 1083 2274 exeunt
1107 2216 1139 2274 61
1162 2232 1223 2275 ror
1248 2232 1295 2276 se-

122 2336 222 2398 quens
247 2338 266 2380 a
290 2336 430 2382 consona
454 2316 577 2402 incipit.

229 2426 261 2504 4)
284 2426 422 2493 Nomina
439 2426 561 2491 formae
582 2457 669 2505 NJ
686 2457 719 2479 =
736 2479 817 2500 w„
841 2428 973 2507 (tunica,
991 2425 1131 2505 domino)
1156 2426 1188 2488 in
1213 2426 1294 2490 clau-

122 2533 260 2597 sularum
279 2534 337 2617 A„
365 2534 415 2616 B„
441 2534 484 2617 D1
513 2558 695 2617 runca„
727 2558 865 2613 avua„
889 2535 998 2598 ultimo
1023 2534 1105 2619 pede
1129 2541 1293 2598 accentum

123 2647 242 2705 tenent.
1039 2718 1041 2722 .

229 2746 262 2827 5)
283 2747 426 2813 'Nomina
439 2748 577 2831 denique
590 2750 812 2832 tetrasyllaba,
830 2770 912 2832 quae
926 2750 1153 2832 paenultimam
1167 2751 1295 2834 longam

123 2853 252 2935 hahent,
287 2862 356 2918 tota
380 2853 538 2936 quadrare
562 2857 594 2920 in
619 2845 778 2921 clausulas
802 2857 839 2938 B,
865 2857 906 2938 D,
930 2858 1033 2920 itaut
1058 2864 1209 2922 accentus
1233 2877 1295 2922 ser-

124 3038 224 3114 vetur,
249 3031 348 3096 facile
372 3034 568 3118 intellegitur
596 3024 802 3121 (consulatus,
829 3036 1027 3116 convivalis).

232 3139 298 3204 Sed
322 3161 384 3205 non
417 3145 522 3207 omnia
553 3143 712 3228 proferam
734 3141 903 3227 exempla,
940 3142 1023 3225 quod
1054 3164 1093 3207 ex
1118 3143 1177 3223 his,
1214 3163 1296 3223 quae

123 3247 216 3311 attuli
247 3249 323 3312 satis
359 3249 484 3314 elucere
519 3246 606 3335 puto,
643 3259 809 3316 accentum
834 3251 963 3334 linguae
987 3250 1124 3314 Latinae
1149 3250 1294 3314 accentui

123 3355 255 3418 metrico
281 3355 503 3439 clausularum,
529 3358 665 3424 classica
689 3364 795 3423 aetate
820 3358 1046 3439 adhibiturum,
1076 3357 1296 3423 accommoda-

124 3463 279 3526 tissimum
313 3483 392 3527 esse.
442 3464 542 3528 Recte
575 3466 673 3548 igitur·
697 3466 735 3530 G.
753 3466 901 3550 Meyerus
934 3465 1118 3547 (Gottinger
1150 3444 1313 3547 gelehrte

124 3569 297 3651 Anneigen,
334 3571 428 3653 1893,
459 3573 569 3656 pau),
602 3574 655 3638 uhi
691 3572 731 3637 de
764 3573 954 3656 rhythmicis
987 3573 1195 3656 posteriorum
1221 3579 1296 3634 tem-

124 3696 235 3759 porum
260 3678 426 3743 structuris
449 3678 597 3761 loquitur,
631 3680 795 3763 adiungit:
835 3681 949 3766 ,Also
982 3680 1103 3762 fiigcn
1127 3677 1209 3742 sich
1234 3677 1296 3742 die
1378 3731 1384 3741 ,

124 3783 288 3849 meisten
305 3783 383 3849 und
401 3786 636 3869 ha‘ufigsten
655 3786 722 3852 der
739 3785 1094 3869 quantitierenden
1108 3786 1296 3852 Schlhssc

125 3892 222 3956 ohne
246 3895 435 3959 welteres
467 3896 505 3958 111
535 3894 599 3958 die
630 3895 846 3960 einfachen
872 3896 1035 3959 Forrnen
1067 3893 1135 3959 des
1167 3913 1298 3958 accen-

124 3999 296 4065 tuiertcn
320 4000 564 4066 Schlusses“.
999 4006 1016 4065 1

231 4109 370 4173 Maxime
394 4118 499 4174 autem
524 4112 655 4175 miratus
679 4132 746 4175 sum
773 4131 820 4193 ea,
846 4132 929 4193 quae
954 4112 1105 4175 Wolffius
1129 4114 1148 4190 ξ
1170 4110 1291 4189 660161

124 4215 165 4279 de
189 4217 319 4281 elisione
344 4217 375 4281 in
400 4217 466 4282 fine
499 4219 710 4282 membrorum
734 4217 892 4283 disseruit.
941 4221 1022 4286 Narn
1049 4219 1108 4284 6161
1133 4239 1167 4282 66
1191 4218 1222 4281 111
1248 4239 1322 4282 61-.

124 4342 227 4386 rorem
260 4322 411 4389 incidisse
444 4346 472 4408 p.
486 4325 547 4389 661
583 4324 714 4408 fatetur,
751 4333 857 4390 tamen
891 4326 946 4390 illa
979 4332 1177 4409 argumenta,
1214 4346 1296 4408 quae

124 4429 257 4512 profert,
291 4430 407 4495 nullius
431 4433 513 4515 preti
538 4451 607 4497 esse
636 4433 712 4497 mihi
738 4431 896 4516 videntur,
933 4433 1018 4517 quod
1042 4453 1114 4499 mea
1136 4433 1297 4499 sententia
