3050 5084
134 522 282 592 bitrabar
300 556 402 596 aaa„
439 526 512 604 86‚9
536 526 673 613 pretium
691 527 885 613 retrovabiit
900 558 1020 595 1010..
1047 525 1166 609 150,16
1183 545 1313 591 causam

134 636 327 700 retractavit
341 666 460 705 2022„
488 636 606 718 169,14
623 636 808 701 vulneribus
824 637 1030 719 putrescebas
1045 667 1166 703 am„
1193 634 1312 709 li3‚18

133 742 420 828 impet1·atum3est
438 775 525 811 noa„
550 765 581 828 p.
598 744 697 824 241,6
721 744 856 808 alteram
880 742 1055 808 retractavi
1078 773 1200 810 „roma
1237 741 1312 807 Pro·

135 848 269 915 duxisse
303 852 403 916 solum
428 850 555 916 videtur
579 850 700 914 Plinius
723 850 883 915 nonnullis
914 850 992 915 locis
1017 871 1037 914 a
1061 850 1201 913 litteram
1226 849 1313 913 vocis

138 955 284 1041 ,pater“,
324 958 463 1023 scilicet:
508 960 538 1038 1)
575 978 605 1040 p.
642 957 761 1039 areat
805 976 875 1022 cum
915 962 1007 1041 patre
1047 956 1155 1039 legisti
1194 985 1312 1023 aasz..

135 1064 171 1142 2)
203 1064 320 1146 226,11
359 1065 460 1149 patris
495 1065 611 1130 emissa
647 1096 766 1132 ,νων
814 1064 847 1142 3)
883 1085 915 1147 p.
945 1063 1065 1145 aarum
1102 1061 1312 1127 dissimillimo

135 1176 229 1255 patre
253 1172 383 1237 virebat
406 1203 524 1240 1011..
582 1193 614 1256 p.
635 1171 730 1254 170,9
755 1177 877 1255 patrem
896 1170 1021 1253 quaerit
1051 1201 1191 1237 ,roa-affl

245 1297 277 1376 b)
302 1304 393 1362 ante
417 1297 472 1381 gl,
502 1316 551 1380 gr
581 1295 796 1381 produxit
829 1296 1015 1359 Plinius.
1064 1264 1236 1359 conferas:
1261 1314 1314 1359 nc·

134 1402 316 1486 glcgeutur‚
341 1404 543 1488 neglegebat,
557 1404 770 1487 negleguntur
788 1434 887 1483 aon„
904 1403 974 1466 iura
986 1401 1157 1484 neglegere
1173 1432 1313 1486 aomo„

135 1529 245 1575 amore
268 1509 432 1594 flagrabat
455 1542 575 1580 1011..

244 1637 277 1714 4)
303 1637 476 1701 Praeterea
499 1637 621 1701 Plinius
649 1636 810 1701 rarissime
834 1635 997 1719 produxit,
1035 1642 1068 1698 ut
1091 1634 1172 1698 haec
1197 1633 1313 1698 docent

136 1742 306 1826 exempla:
343 1765 374 1827 p.
395 1744 512 1826 164,16
545 1745 684 1809 intentus
716 1746 748 1806 in
783 1743 906 1807 librum.
954 1764 985 1827 p.
1003 1742 1123 1823 230,12
1157 1748 1312 1806 musteum

135 1848 263 1932 librum,
288 1871 318 1934 p.
344 1851 442 1928 2332
467 1852 597 1917 urbibus
621 1871 713 1916 sacra
740 1878 868 1919 hears.

244 1974 278 2052 5)
302 1974 365 2040 Ubi
390 1982 419 2040 st
442 1975 571 2040 verbum
596 1975 726 2039 inchoat
743 1975 887 2039 vocalem
905 1975 1033 2041 brevem
1052 1981 1207 2053 secutum,
1232 1973 1313 2038 haec

136 2079 234 2163 longa
259 2100 329 2145 esse
352 2082 449 2146 solet:
475 2103 506 2164 p.
527 2082 645 2164 101,14
670 2102 730 2164 ego
747 2082 856 2145 statim
872 2082 946 2147 teci.
987 2101 1017 2164 p.
1037 2080 1153 2161 aduri
1181 2081 1313 2163 naviga-

138 2187 202 2251 bile
225 2196 374 2270 stagnum
392 2220 508 2257 rum„
553 2189 866 2272 p.c4‚13exposita
889 2188 996 2253 statim
1016 2188 1154 2251 cernitur
1175 2218 1314 2256 notro„

137 2314 168 2378 p.
188 2295 285 2375 alac
310 2294 355 2359 ita
378 2302 496 2361 statum
520 2303 685 2380 praestant
708 2327 831 2364 ,ων

246 2402 312 2465 lam
336 2403 422 2468 nullo
447 2403 541 2468 modo
566 2405 732 2469 miraberis
756 2403 817 2468 hoo
846 2405 906 2468 sibi
931 2402 1101 2467 indulsisse
1138 2409 1312 2482 auctorem,

138 2511 165 2575 si
189 2529 228 2575 ne
257 2519 370 2595 poetas
403 2510 531 2594 quidem
565 2511 596 2575 in
630 2512 718 2577 hisee
751 2512 847 2577 rebus
879 2512 939 2576 sibi
975 2510 1155 2575 constitisse
1188 2509 1245 2573 tibi
1281 2509 1313 2572 in

139 2626 274 2681 mentem
299 2618 511 2683 revocaveris.
548 2619 589 2683 Et
613 2625 718 2684 tamen
743 2617 794 2684 his
810 2626 943 2683 metrum
969 2625 1001 2682 et
1025 2615 1175 2700 prosodia
1199 2614 1311 2679 funda·

139 2733 246 2789 menta
269 2732 341 2789 sunt
365 2725 464 2790 totius
488 2727 576 2808 artis,
602 2726 759 2810 pedestris
776 2727 931 2791 sermonis
955 2724 1139 2789 auctoribus
1163 2743 1225 2785 non
1251 2723 1312 2786 nisi

140 2830 358 2897 adiumentum
383 2833 566 2916 oratorium,
591 2839 625 2897 ut
649 2835 695 2898 ita
719 2833 835 2915 dicam,
861 2840 909 2898 est
933 2851 1090 2896 numerus.

630 3100 734 3186 Caput
759 3100 817 3164 IX.

453 3259 505 3326 De
530 3259 680 3325 elisione
705 3260 741 3324 et
765 3258 995 3341 synaloephe.

246 3422 379 3489 Constat
411 3431 524 3507 poetas
557 3421 776 3507 synaloephen
807 3428 838 3486 et
872 3420 1037 3486 elisionem
1069 3421 1165 3486 certis
1194 3421 1313 3504 regulis

141 3528 257 3609 passim
282 3529 476 3613 adhibuisse,
510 3531 570 3594 etsi
594 3530 732 3611 fuerunt,
767 3529 820 3610 qui
845 3529 1024 3613 parcissimi
1055 3529 1087 3592 iu
1119 3527 1313 3593 adhibendis

142 3632 179 3697 iis
203 3632 331 3716 luerint,
355 3643 387 3699 et
411 3644 523 3720 postea
548 3638 579 3700 in
604 3637 762 3701 nonnullis
776 3656 922 3701 versuum
948 3636 1094 3720 partibus
1117 3636 1157 3699 iis
1180 3636 1226 3699 uti
1250 3656 1313 3700 non

141 3739 267 3804 licebat.
318 3740 582 3805 Verisimillimum
612 3743 709 3824 igitur
741 3751 798 3824 est,
833 3749 979 3806 auctores
1013 3762 1126 3826 prosae
1161 3742 1314 3807 orationis

142 3867 195 3911 cas
217 3867 279 3911 non
305 3849 408 3913 minus
430 3868 600 3933 usurpasse
626 3849 657 3914 in
681 3849 812 3915 dicendi
836 3851 960 3933 figuris
997 3869 1075 3930 quas
1099 3870 1118 3913 a
1143 3848 1314 3932 disciplina

90 4008 93 4013 .
141 3955 273 4019 metrica
302 3957 437 4020 mutuati
470 3961 543 4020 suut
574 3964 726 4021 oratores.
775 3957 932 4021 Probatur
964 3955 1045 4019 haee
1079 3954 1187 4038 opinio
1218 3954 1313 4032 Quin·

142 4062 241 4126 tiliaui
273 4062 378 4128 verbis
402 4063 508 4140 ΙΧ,4,
528 4063 602 4138 109,
636 4065 689 4128 ubi
726 4063 939 4149 „praesidium
973 4060 1034 4127 lst“
1074 4063 1311 4147 pronuntiatum

142 4188 209 4233 esse
234 4169 338 4234 docet.
389 4171 532 4253 Plinium,
557 4172 610 4253 qui
637 4190 825 4235 concursum
849 4170 1007 4236 vocalium
1036 4169 1122 4234 nullo
1147 4168 1241 4234 modo
1266 4171 1310 4233 vi·

142 4276 230 4358 tavit,
263 4283 295 4341 ct
319 4277 538 4362 synaloephen
562 4286 593 4342 et
618 4279 783 4342 elisionem
820 4279 976 4342 uberrime
1006 4276 1192 4342 adhibuisse
1221 4277 1312 4360 ipsae

142 4383 301 4447 clausulae
337 4391 409 4448 sunt
445 4391 552 4449 testes.
608 4385 691 4451 Nam
727 4384 822 4467 longe
858 4384 1002 4467 plurimis
1037 4382 1126 4465 locis,
1164 4381 1311 4448 adhibita

142 4489 269 4555 elisione
293 4490 344 4555 vel
372 4490 580 4575 synaloephe,
617 4492 754 4556 usitatae
787 4490 929 4557 evadunt
960 4491 1134 4572 clausulae,
1167 4496 1199 4555 et
1232 4490 1312 4556 elisa
