3050 5084
747 317 923 376 ..57-

247 501 428 572 huiusmodi
451 503 583 570 nltimae
605 501 725 569 vocalis
751 502 964 568 clausularum
993 500 1142 568 elisiones
1165 520 1336 583 nunquam,
1362 497 1421 566 etsi

247 611 387 697 optimae
405 611 545 677 evadunt
562 610 732 693 clausulae,
747 609 910 674 adhibitas
927 629 997 675 esse
1013 609 1089 674 licet
1104 615 1225 692 putare.
1250 608 1324 692 Ipso
1337 607 1420 672 enim

247 721 375 784 nomine
391 717 592 804 ,clausulae“
609 719 706 783 talem
720 738 859 783 errorem
876 717 1009 782 refutari
1027 736 1151 798 censeo,
1169 716 1318 798 quoniam
1337 716 1422 780 clau-

248 826 337 892 sulae
353 832 427 891 sunt
451 828 618 892 verborum
643 845 816 909 compages
832 824 963 889 metrice
980 829 1132 898 structae,
1158 843 1240 906 quae
1257 824 1422 887 enuntiata

248 933 400 998 claudunt
416 935 466 999 vel
484 935 717 998 enuntiatorum
735 940 854 1015 parles.
890 931 978 1015 Ergo
995 933 1022 996 si
1039 930 1170 996 elisione
1187 931 1421 995 enuntiatorum

246 1048 356 1126 partes
380 1041 610 1125 coniungimus,
636 1040 816 1122 incisiones,
842 1059 923 1122 quae
947 1046 1019 1103 sunt
1043 1037 1137 1103 sedes
1160 1038 1295 1120 numeri,
1328 1038 1422 1121 plane

247 1150 459 1214 sublevamus.
506 1150 677 1213 Praeterea
712 1147 830 1212 oratori
866 1145 1046 1230 respirandi
1075 1152 1200 1229 tempus
1224 1132 1287 1210 non
1311 1144 1421 1227 datur,
1494 1222 1497 1227 ,

246 1277 319 1320 nam
343 1256 426 1320 inter
446 1254 526 1322 duas
542 1276 648 1338 voces,
674 1275 753 1337 quas
771 1254 903 1320 elisione
924 1252 1152 1333 contrahimus,
1177 1253 1334 1337 respirare
1358 1272 1420 1316 non

184 1356 186 1363 ’
246 1383 423 1446 possumus.
460 1362 526 1428 Sed
543 1363 663 1447 optime
679 1362 870 1428 sententiam
888 1381 991 1427 meam
1010 1360 1205 1425 confirmant
1228 1359 1299 1442 ipsa
1322 1359 1422 1424 verba

247 1470 411 1537 Ciceronis
436 1471 490 1551 (de
507 1470 652 1551 Oratore,
678 1471 697 1549 ξ
718 1469 777 1533 181
805 1469 877 1532 libri
893 1469 973 1548 lll):
1013 1465 1199 1549 „Clausulas
1216 1467 1299 1531 enim
1324 1473 1422 1548 atque
1516 1529 1518 1533 ,

246 1579 449 1662 interpuncta
474 1578 641 1643 verborum
674 1577 799 1640 animae
830 1573 1014 1640 interclusio
1048 1582 1145 1656 atque
1169 1575 1337 1657 angustiae
1361 1574 1444 1657 spi·

245 1686 325 1751 ritus
350 1686 533 1750 attulerunt.
580 1683 618 1748 Id
643 1682 807 1748 inventum
831 1688 897 1746 tam
922 1701 1020 1746 suave
1046 1689 1104 1762 est,
1141 1689 1181 1744 ut
1213 1681 1245 1745 si
1278 1681 1339 1745 cui
1371 1681 1421 1744 in-

246 1792 386 1858 finitus
419 1793 582 1877 spiritus
612 1789 733 1872 datur,
762 1797 889 1855 tamen
918 1808 997 1854 eum
1026 1795 1271 1872 perpetuare
1302 1788 1422 1854 verba

245 1899 447 1965 nolimus“.
883 1915 886 1920 ·

355 2007 572 2089 Bomeoquius
589 2005 619 2069 in
634 2005 673 2069 iis
686 2025 766 2086 quas
778 2025 874 2088 supra
891 2005 1137 2068 commemorari
1152 2003 1422 2088 disputationibus

246 2132 311 2189 rom
345 2112 392 2176 ita
415 2113 566 2194 instituit,
603 2132 665 2176 non
690 2118 723 2176 ut
747 2110 913 2176 schemata
937 2111 1069 2175 metrica
1093 2111 1280 2192 excusserit,
1305 2109 1363 2176 sed
1387 2115 1422 2174 ut

246 2217 379 2284 duarum
405 2220 574 2284 ultinarum
600 2236 712 2283 vocum
736 2238 915 2283 mensuram
939 2218 1126 2301 singillatim
1158 2218 1332 2302 respiciens
1356 2236 1422 2281 cer·
1462 2292 1467 2304 ,

247 2333 350 2406 torum
375 2326 633 2412 paradigmatum
657 2325 778 2391 formas
801 2326 1012 2410 proposuerit.
1070 2325 1113 2389 Et
1137 2323 1224 2407 quod
1247 2324 1420 2390 novissimo

247 2433 287 2499 de
304 2435 394 2499 Bruti
418 2435 557 2499 numeris
581 2440 720 2499 tractatu
745 2433 880 2498 eandem
902 2440 1028 2498 secutus
1053 2440 1100 2498 est
1124 2434 1289 2514 rationem,
1315 2452 1420 2515 quam·

246 2560 340 2624 quam
353 2541 456 2606 Wolff
479 2540 689 2606 adnotatione
707 2543 734 2605 l.
761 2562 792 2625 p.
810 2540 875 2605 582
895 2541 1034 2605 breviter
1051 2560 1120 2605 eam
1145 2540 1318 2620 refelleret,
1344 2538 1421 2604 mihi

245 2667 371 2730 quoque
394 2648 456 2712 hoo
481 2649 551 2713 loco
568 2649 679 2732 paucis
703 2647 782 2712 illud
800 2645 997 2730 tangendum
1014 2654 1071 2712 est.
1107 2648 1180 2715 Non
1205 2648 1288 2711 enim
1313 2646 1421 2713 multis

244 2756 350 2820 verbis
375 2775 454 2840 opus
478 2768 547 2821 esse
572 2775 697 2837 censeo,
732 2775 803 2819 cum
839 2756 949 2838 quales
972 2753 1036 2820 sint
1068 2754 1230 2818 clausulae
1254 2755 1419 2837 classicae,

245 2862 403 2944 quomodo
434 2862 585 2946 cognosci
617 2864 749 2946 possint,
784 2861 895 2943 quales
928 2861 1108 2926 exhibuerit
1138 2861 1259 2926 Plinius
1294 2861 1421 2927 uberius

244 2988 341 3052 supra
364 2968 566 3034 ostenderim.
615 2969 701 3034 Satis
725 2989 766 3034 ex
784 2968 833 3033 his
857 2967 1042 3050 dilucidum,
1077 2969 1266 3052 Bornecquii
1292 2972 1417 3036 ratione

243 3096 310 3140 rem
335 3075 477 3141 funditus
494 3076 673 3159 perturbari
691 3096 845 3157 verasque
863 3075 1023 3140 clausulas
1039 3077 1133 3161 plane
1150 3077 1271 3142 divelli.
1313 3076 1419 3155 Quare

245 3184 297 3264 qui
322 3182 448 3248 tabulas
472 3183 557 3249 illius
580 3184 753 3268 perquiret,
786 3203 893 3248 reram
924 3204 1111 3250 numerosae
1140 3187 1218 3251 artis
1248 3186 1420 3270 imaginem

244 3309 446 3373 nequaquam
470 3291 636 3379 percipiet,
673 3311 733 3356 nec
756 3291 820 3356 ullo
845 3290 939 3356 modo
963 3290 1037 3356 fieri
1061 3300 1196 3375 poterat,
1234 3301 1268 3357 ut
1292 3313 1418 3380 perver-

244 3416 312 3461 sam
338 3397 436 3463 totius
460 3400 614 3463 materiae
639 3398 863 3463 tractationem
888 3418 1049 3481 sequerer.

723 3631 828 3716 Caput
849 3632 937 3697 XIV.

374 3769 562 3838 Clausulas
588 3773 675 3854 qnid
702 3773 743 3838 de
770 3775 1062 3857 interpunctione
1087 3777 1238 3843 doceant
1250 3777 1288 3863 1).

349 3915 472 3998 Restat,
497 3923 533 3981 ut
556 3915 597 3981 de
621 3917 878 4002 interpunctione
898 3919 1019 4002 loquar,
1045 3921 1133 3985 cuius
1158 3921 1239 3985 ratio
1265 3921 1416 3987 clausulis

158 4087 161 4095 ,
243 4022 385 4087 nonnihil
410 4024 560 4090 illustrari
586 4024 663 4088 mihi
687 4024 824 4090 videtur.
872 4028 1016 4110 Apparet
1041 4029 1134 4110 enim,
1159 4028 1268 4109 verba,
1303 4027 1417 4110 quibus

243 4129 404 4194 clausulae
428 4131 624 4214 efficiuntur,
661 4152 755 4197 unam
781 4152 971 4216 compagem
1001 4140 1033 4198 et
1058 4135 1147 4216 quasi
1173 4154 1287 4217 corpus
1311 4154 1417 4200 neces-

242 4237 327 4322 sario
361 4237 540 4320 effinxisse,
565 4246 596 4303 et
621 4241 771 4323 quoniam
795 4239 944 4322 vidimus
983 4241 1065 4305 Plini
1092 4242 1249 4306 clausulas
1278 4242 1354 4305 item
1379 4262 1418 4308 ac

350 4471 376 4537 l)
396 4469 439 4527 cf.
460 4469 591 4540 Norden,
611 4471 649 4541 11,
668 4489 696 4542 p.
717 4472 779 4527 952.
