3050 5084
778 305 934 365 ‚2-

269 489 311 554 ad
348 511 512 555 numerum
547 510 673 573 quoque
703 491 895 577 pertinuisse
929 491 1003 556 inde
1036 493 1150 574 elucet,
1184 492 1270 575 quod
1302 494 1438 559 Asianos

273 597 494 663 ditrochaeum
530 599 563 662 in
596 597 721 664 deliciis
755 598 904 664 habuisse
931 607 1067 679 constat,
1100 620 1158 664 nos
1186 599 1290 673 docet,
1323 610 1439 682 quanto

267 704 339 789 plus
362 706 502 786 antiquis
524 706 557 769 in
581 725 676 788 prosa
707 724 833 787 quoque
863 708 1009 771 oratioue
1033 708 1193 790 elegantia
1218 717 1251 771 et
1274 708 1364 792 lepos
1387 729 1438 771 va·

268 812 362 876 luerit
386 832 480 893 quam
505 813 606 877 uobis.

376 919 425 983 Ex
451 919 510 1001 his,
536 939 615 1001 quas
632 919 736 1001 attuli,
762 921 868 985 causis
892 921 1012 985 factum
1038 942 1108 987 esse
1132 942 1257 1002 censeo,
1275 930 1309 986 ut
1333 930 1440 987 nostra
1506 940 1508 965 ¹

268 1031 377 1091 aetate
403 1026 461 1090 viri
487 1026 573 1091 docti
609 1026 682 1091 huic
706 1029 862 1092 materiae
895 1049 957 1092 uou
991 1030 1037 1092 ita
1070 1051 1220 1112 magnam
1252 1032 1440 1094 navaveriut

268 1153 408 1218 operam.
447 1135 517 1198 Duo
541 1133 599 1198 soli
624 1133 765 1215 fuerunt,
788 1137 842 1217 qui
859 1143 933 1199 ante
950 1135 1144 1217 Nordcnum,
1163 1145 1314 1218 quantum
1333 1136 1438 1220 video,
1508 1149 1509 1181 ³

269 1239 310 1304 de
333 1259 463 1305 numero
489 1240 653 1320 classicae,
688 1261 782 1323 quam
814 1241 934 1317 dicunt,
964 1243 1081 1308 aetatis
1114 1244 1247 1326 egerint,
1283 1245 1440 1327 Georgius
1508 1232 1509 1279 1

268 1348 394 1413 Wuest:
423 1350 493 1433 ,De
518 1348 661 1412 clausula
678 1348 839 1414 rhetorica
855 1369 950 1432 quam
972 1349 1137 1434 praecepit
1154 1350 1267 1415 Cicero
1284 1360 1440 1434 quatenus
1508 1348 1510 1431 ἶ

268 1453 758 1521 16(11(1116111111166661166611α
787 1456 885 1533 (Diss.
911 1455 1018 1540 philol.
1044 1459 1119 1540 Arg.
1145 1458 1212 1538 sel,
1238 1459 1299 1522 vol.
1317 1460 1355 1540 V,
1385 1460 1440 1522 Ar·
1508 1444 1510 1461 ¹

268 1565 427 1647 geutorati
455 1563 564 1645 1881),
589 1562 705 1627 deinde
723 1563 760 1626 E.
776 1563 923 1626 Mueller:
951 1566 1019 1647 ,De
1043 1585 1173 1630 numero
1197 1566 1440 1647 Ciceroniano“‚
1508 1579 1510 1588 “

268 1672 352 1735 Diss.
371 1669 587 1735 Berol.1886.
638 1670 767 1735 Praeter
792 1670 849 1734 hos
868 1670 972 1734 Havet
989 1670 1104 1735 edidit:
1133 1672 1201 1755 ,La
1218 1694 1311 1757 prose
1336 1673 1441 1737 mc'tri-

270 1797 333 1860 que
372 1776 412 1841 de
448 1775 642 1861 Symmaque
677 1784 709 1840 et
747 1777 794 1841 les
829 1776 977 1859 Origines
1014 1778 1186 1860 metriques
1225 1779 1266 1843 du
1291 1780 1443 1861 Cursus“,

270 1885 361 1950 Paris
403 1885 498 1949 1892.
557 1884 659 1950 Huius
694 1885 766 1948 libri
800 1903 871 1949 cum
904 1904 1071 1950 censuram
1105 1886 1260 1952 scriberet
1293 1887 1440 1952 Guilelm.
1500 1939 1509 1978 ι

268 1993 378 2076 Meyer·
411 1991 595 2073 (Gottiugcr
619 1990 764 2073 gelehrte
789 1993 961 2076 Anzeigen‚
991 1993 1085 2074 1893,
1110 2001 1184 2057 tom.
1210 1995 1235 2075 l,
1260 2014 1290 2077 p.
1319 1997 1349 2073 1)
1374 1994 1442 2077 egit
1502 1990 1510 2097 1

269 2099 310 2163 (16
334 2098 487 2181 clausula,
512 2118 605 2180 quam
624 2098 752 2163 saeculo
770 2099 813 2162 Il.
838 2106 996 2181 repertam
1021 2106 1122 2182 putat,
1148 2108 1179 2163 et
1201 2100 1241 2164 (16
1257 2101 1444 2182 posterioris

268 2207 421 2293 temporis
446 2205 596 2270 clausulis
619 2203 818 2288 rhythmicis.
870 2204 935 2268 Sed
952 2224 1041 2288 opus,
1067 2223 1129 2286 quo
1153 2212 1221 2268 tota
1246 2206 1325 2269 haec
1346 2225 1443 2287 quae·

269 2314 331 2377 stio
348 2312 566 2397 perpenditur,
591 2318 665 2375 aute
684 2331 805 2395 paucos
822 2310 880 2375 hos
895 2330 995 2375 annos
1011 2309 1042 2374 in
1060 2309 1229 2374 desideriis
1250 2311 1351 2375 solum
1372 2321 1445 2376 erat
1507 2294 1510 2333 ⁵

269 2419 513 2504 philologorum,
538 2418 612 2481 dum
632 2417 763 2485 Norden
788 2415 872 2481 hunc
900 2417 1041 2482 laborem
1057 2418 1197 2502 suscepit
1226 2424 1258 2481 et
1281 2419 1445 2502 praestitit

269 2527 364 2591 libro:
404 2527 484 2611 „Die
508 2525 619 2589 autihe
648 2525 884 2608 Kuustprosa“,
913 2525 1024 2588 1890.Ἰ
1056 2525 1112 2588 1116
1149 2532 1248 2589 totum
1284 2525 1445 2610 pedestris

270 2635 424 2698 sermonis
448 2652 584 2713 cursum,
619 2630 749 2713 gradus,
774 2638 920 2715 tempora
943 2632 1096 2716 explicuit
1121 2638 1153 2696 et
1176 2632 1316 2697 ostendit
1338 2634 1445 2714 uobis,

269 2747 369 2805 totam
393 2740 547 2804 orationis
571 2759 685 2823 prosae
709 2739 864 2803 rationem
889 2761 909 2803 a
930 2739 1063 2803 Graecis
1091 2738 1133 2803 ad
1157 2739 1318 2804 Romanos
1341 2747 1445 2804 traus-

268 2848 344 2912 iisse
355 2848 694 2931 numerumquetotius
711 2847 842 2928 antique
858 2848 1011 2911 sermonis
1023 2847 1182 2932 pedestris
1199 2847 1445 2912 fundamentum
1504 2867 1508 2924 ς

269 2962 301 3020 61
334 2954 494 3020 vinculum
525 2954 623 3020 luisse
635 2957 668 3035 1).
725 2954 885 3017 Peculiari
917 2955 1146 3019 commentario
1182 2974 1275 3039 porro
1310 2954 1445 3021 Norden
1506 2946 1507 2957 ’

270 3062 323 3126 (16
335 3061 497 3126 clausulae
513 3062 690 3145 originibus
714 3069 746 3125 61
763 3061 940 3125 rationibus
957 3060 1118 3142 disseruit,
1131 3067 1229 3144 'quem
1246 3062 1304 3141 illi,
1322 3082 1383 3143 quo
1402 3062 1445 3124 de
1503 3013 1508 3112 1

270 3167 338 3232 dixi
362 3169 454 3249 libro,
488 3168 680 3252 appendicis
705 3168 746 3231 11.
772 3167 843 3231 1666
877 3168 1035 3232 adiunxit.
1074 3168 1193 3247 Valois,
1218 3167 1352 3248 Thurot,
1376 3169 1444 3230 Du·
1506 3154 1508 3170 '

270 3276 398 3357 chesne,
423 3274 571 3357 Conture,
601 3295 733 3357 quorum
758 3274 799 3339 (16
824 3276 973 3360 operibus
991 3275 1121 3340 Norden
1144 3296 1175 3358 p.
1194 3275 1259 3337 924
1276 3293 1345 3356 sqq.
1363 3275 1443 3357 egit,
1483 3302 1490 3319 ν

269 3382 372 3446 solum
396 3382 437 3446 (16
459 3381 586 3446 mediae
603 3382 719 3445 aetatis
743 3388 776 3444 et
792 3383 946 3466 imprimis
963 3380 1251 3445 ecclesiasticorum
1276 3387 1442 3445 auctorum
1457 3362 1478 3467 ³³,

271 3490 408 3555 numeris
442 3488 668 3553 disseruerunt.
716 3487 840 3553 Eodem
864 3508 947 3553 auno
977 3487 1176 3568 Boruecque,
1201 3487 1369 3552 ‘Havetum
1394 3509 1443 3552 se·
1475 3488 1480 3513 ‘

270 3603 371 3677 cutus,
396 3595 498 3660 edidit
521 3596 651 3661 librum:
688 3595 757 3673 „La
791 3615 883 3679 prose
916 3594 1074 3675 metrique
1098 3593 1179 3659 dans
1202 3594 1234 3659 la
1258 3615 1443 3679 correspon-

270 3703 373 3768 daucc
397 3703 438 3767 (16
454 3702 622 3785 0166161111,
647 3704 748 3767 Paris.
786 3703 876 3767 Idem
907 3703 1030 3781 (Revue
1061 3702 1102 3767 (16
1131 3702 1305 3785 philologis
1332 3704 1443 3782 1900),

271 3811 312 3877 (16
351 3811 538 3896 panegyrici
571 3811 708 3875 Pliniaui
748 3811 983 3875 enuntiatorum
1023 3809 1123 3874 initiis
1162 3818 1193 3874 et
1232 3809 1443 3874 incisionibus

270 3918 442 3983 levioribus
475 3919 541 4002 egit
565 3924 597 3982 61
620 3938 720 4002 nuper
748 3919 780 3981 in
810 3918 923 3983 eadem
955 3916 1160 4000 ephemeride
1184 3916 1294 3997 (1902,
1319 3936 1351 3999 p.
1380 3917 1443 3979 loo

271 4027 394 4106 -1241
419 4024 459 4089 (16
483 4024 621 4090 numeris
645 4026 745 4090 Bruti.
795 4026 1024 4106 Bornecquium
1050 4023 1272 4104 clausularum,
1307 4024 1338 4087 in
1364 4042 1444 4104 quas

271 4132 445 4214 inquisivit,
478 4134 634 4197 rationem
670 4154 730 4196 non
767 4134 969 4217 perspexisse
1004 4138 1036 4196 61
1070 4138 1238 4214 propterca
1273 4151 1336 4194 rem
1373 4130 1444 4193 lun·

272 4240 358 4305 ditus
382 4240 527 4305 turbasse
559 4239 619 4305 hac
642 4241 713 4324 ipsa
737 4241 882 4304 evincam
910 4237 1146 4303 dissertatione.
1171 4274 1213 4283 -
1237 4238 1330 4301 Anno
1354 4258 1444 4321 prae-

271 4384 484 4391 *—

380 4474 406 4539 l)
427 4471 469 4525 Cf.
489 4471 527 4541 Il,
548 4490 574 4544 p.
595 4472 654 4525 909.
