3050 5084
663 302 839 370 aaa..

131 489 230 562 Sed
247 517 369 562 summa
386 495 532 561 cautione
551 516 630 582 opus
647 517 716 563 esse
732 504 877 583 apparet.
925 497 1066 588 Primum
1083 500 1164 563 ratio
1187 487 1337 577 habenda

134 611 208 681 est
237 597 474 669 consuetudinis
503 606 699 689 singulorum
729 613 905 690 auctorum,
940 605 1057 672 deinde
1081 607 1263 684 videndum,
1298 628 1338 672 nc

136 713 285 777 nurncri
310 733 406 778 causa
430 733 599 797 peccemus
623 715 655 777 in
680 734 855 779 sermonem
869 714 1029 779 Latinum.
1065 716 1134 782 Nec
1157 717 1260 779 minus
1275 715 1337 779 hoc

140 819 334 884 tenendum
368 827 425 901 est,
455 827 612 903 auctores,
646 842 685 884 nc
719 822 872 887 orationis
905 822 1094 908 compositio
1127 819 1337 887 similitudine

143 926 357 1005 offenderet,
394 928 553 993 clausulas
575 929 679 993 ininus
703 930 838 994 usitatas
861 928 998 996 fortasse
1031 929 1071 993 de
1095 929 1250 995 industria
1283 930 1338 994 ad-

145 1035 315 1115 hibuisse,
340 1034 395 1098 ubi
420 1036 586 1099 uerborum
611 1036 676 1100 alia
700 1057 872 1121 compages
896 1038 1043 1102 meliores
1067 1037 1226 1102 clausulas
1242 1037 1338 1102 facile

150 1141 339 1227 effecisset.
363 1178 404 1187 -
431 1143 603 1208 Praeterea
628 1145 676 1209 bis
700 1150 823 1208 tantum
847 1165 867 1208 a
891 1145 987 1209 Keilii
1001 1153 1102 1210 textu
1126 1144 1254 1219 recessi,
1279 1146 1337 1208 sci-

153 1250 260 1314 licet:

274 1359 304 1437 1)
339 1358 363 1439 Ι,
401 1359 511 1440 10,19
540 1359 598 1422 FD
633 1357 995 1447 „contigitiexhibcm
1029 1359 1115 1441 quod
1148 1360 1272 1424 Keilius
1306 1361 1338 1422 in

156 1471 286 1529 textum
310 1467 440 1550 recepit.
489 1465 559 1548 Ego
584 1466 692 1530 malim
719 1465 916 1552 ,0011111311α
944 1487 1015 1531 cum
1039 1488 1107 1551 pra.
1155 1467 1238 1533 Nam
1260 1466 1337 1547 quid

158 1573 225 1637 hoc
258 1572 328 1636 loco
352 1571 413 1637 sibi
438 1573 514 1636 velit
542 1573 730 1658 perfectum,
763 1575 889 1654 nescio3
923 1574 1097 1658 praecipue
1132 1593 1204 1637 oum
1240 1575 1337 1637 verbo

161 1679 292 1744 amandi
325 1681 408 1745 male
443 1681 654 1763 coniungitur.
702 1680 794 1758 Quod
829 1681 1036 1746 usitatissima
1060 1680 1203 1746 clausula
1228 1680 1338 1745 evadit

170 1820 305 1877 com,
346 1787 388 1851 ad
420 1787 688 1872 comprobandam
721 1788 976 1854 emendationem
1016 1789 1154 1853 maxime
1193 1796 1241 1852 cst
1272 1787 1338 1852 ido·

272 2005 304 2084 2)
337 2003 380 2085 ΙΙ,
415 2004 524 2084 13,18
559 2024 629 2069 cum
664 2004 793 2090 optimis
817 2003 983 2071 codicibus
1006 2003 1208 2070 scribendum
1242 2013 1338 2089 puto:

167 2112 278 2195 „quasi
302 2110 414 2175 liceret
437 2109 602 2176 indulsit“.
649 2112 739 2177 Hace
770 2133 895 2196 quoque
919 2114 1017 2178 verba
1046 2113 1167 2197 optima
1195 2113 1339 2177 clausula

165 2218 421 2302 comprobantur.

646 2486 750 2571 Caput
775 2486 851 2552 XII.

255 2617 430 2707 Quantum
454 2620 597 2687 Plinius
622 2619 828 2689 Ciceronem
852 2621 1094 2688 clausularum
1120 2622 1248 2703 liguris

607 2729 806 2797 aemulatus
831 2729 892 2797 sit.

272 2870 427 2948 Quoniam
453 2891 545 2952 quam
572 2872 727 2935 rationem
750 2873 915 2937 metricam
950 2891 1091 2954 quasque
1125 2872 1336 2937 clausularum

164 2979 287 3063 figuras
323 2978 506 3043 adhibuerit
542 2979 663 3044 Plinius
698 2981 929 3064 perspeximus,
969 3001 1053 3046 nunc
1092 2981 1168 3045 licct
1209 3000 1337 3045 movere

165 3087 394 3169 quaestionem,
431 3106 598 3169 quemnam
635 3106 705 3151 eum
741 3087 934 3152 aemulatum
970 3095 1127 3171 putemus.
1185 3088 1268 3153 Nam
1305 3094 1337 3150 et

165 3200 289 3258 veteres
314 3193 430 3258 Graeci
466 3199 497 3257 ct
533 3193 646 3258 Cicero
677 3200 709 3258 et
732 3193 947 3271 Quintilianus
976 3194 1016 3258 de
1044 3194 1155 3259 formis
1183 3195 1337 3259 bonarum

165 3302 377 3367 clausularum
412 3301 639 3367 dissenserunt.
699 3301 805 3366 Primo
841 3302 952 3366 obtutu
988 3302 1159 3367 verisimile
1198 3301 1337 3383 videtur,

164 3408 302 3473 Plinium
334 3417 477 3476 secutum
503 3430 572 3476 csse
604 3416 780 3496 praecepta
803 3408 1001 3492 Quintiliani,
1028 3429 1121 3491 quem
1151 3410 1338 3492 magistrum

166 3532 256 3577 suum
271 3514 369 3580 fuisse
394 3537 443 3602 ep.
463 3519 643 3583 1411111111
667 3537 818 3603 expresse
841 3517 970 3581 latetur.
1018 3515 1083 3581 Sed
1100 3537 1335 3598 nonnumquam

166 3641 185 3685 a
201 3621 387 3699 Quintiliani
406 3626 587 3709 praeceptis
603 3625 763 3690 abhorret.
794 3625 877 3692 Nam
894 3623 1053 3688 clausulas
1069 3655 1136 3690 1-1
1146 3681 1176 3706 -,
1200 3654 1269 3690 ,vua
1279 3664 1339 3718 01,

152 3761 303 3813 ..1,101,
332 3750 411 3814 quas
435 3731 556 3797 Plinius
580 3753 781 3815 nequaquam
805 3732 997 3818 repudiavit,
1023 3730 1076 3795 ille
1101 3731 1229 3794 minime
1253 3751 1337 3795 com-

165 3839 290 3924 probat,
314 3838 374 3919 IX,
398 3839 428 3921 4,
449 3840 521 3920 101,
542 3839 707 3920 1011100.
755 3839 821 3906 Sed
837 3860 877 3904 ne
894 3838 1078 3904 dichoreum
1096 3837 1223 3920 quidem
1242 3836 1336 3913 Quin·

165 3947 292 4011 tilianus
315 3948 346 4011 in
372 3946 496 4012 deliciis
521 3945 670 4013 habuisse
692 3946 830 4029 videtur,
864 3947 891 4011 si
926 3944 1053 4028 quidem
1084 3946 1182 4009 verba
1210 3946 1229 4023 ξ
1260 3945 1336 4008 103:

169 4075 250 4140 „qno
274 4055 385 4121 Asiani
409 4063 481 4120 sunt
505 4056 552 4121 usi
577 4052 766 4139 111111111111111α
794 4060 826 4119 01
850 4057 869 4133 ξ
896 4054 975 4117 105:
1012 4052 1103 4136 „Non
1128 4053 1265 4136 optimus
1289 4059 1337 4116 est

166 4160 353 4226 1100110011ιι
380 4170 467 4228 recte
491 4163 654 4247 intellego.
702 4160 829 4228 Deinde
853 4161 1015 4225 licentiam
1033 4158 1235 4243 usurpandae
1252 4159 1337 4223 anci-

165 4268 241 4353 pitis
274 4269 418 4352 syllabae
451 4271 482 4332 in
516 4275 658 4333 extremo
695 4270 938 4350 enuntiatorum,
975 4287 1069 4348 qnam
1103 4266 1204 4330 vetuit
1238 4263 1337 4344 Quin-

166 4376 305 4455 tibanus,
330 4376 450 4440 Plinius
475 4377 593 4460 passim
617 4377 678 4440 sibi
702 4374 844 4441 indulsit.
895 4374 1009 4438 Mirum
1039 4374 1176 4453 omnino,
1209 4377 1338 4455 praeter

165 4484 251 4547 illum
282 4484 386 4547 locuun
418 4482 604 4560 Quintiliani
635 4504 748 4548 nomen
778 4488 810 4548 et
841 4481 948 4547 studia
975 4500 1130 4562 nusquam
1160 4497 1345 4559 occurrere,-

1159 4587 1176 4639 4
