3050 5084
728 296 760 307 -
799 266 839 321 v1
877 297 910 306 -

1352 387 1402 428 pag
1501 385 1503 422 t

242 444 312 519 Cap.
369 448 405 503 X.
443 448 488 502 De
509 448 608 501 verbis
627 449 657 500 in
678 448 820 501 clausulis
840 449 1015 516 saepissime
1035 449 1197 502 adhibitis.
1236 490 1241 502 .
1281 489 1287 503 .
1325 491 1330 502 .
1368 449 1403 503 44
1502 497 1504 500 .

242 537 313 607 Cap.
358 537 408 590 Xl.
446 537 492 591 De
507 538 606 591 verbis
626 537 830 591 clausularum
850 552 944 591 causa
957 538 1004 590 vel
1026 539 1128 606 positis
1142 539 1190 591 vel
1210 541 1331 592 mutatis
1494 544 1500 553 '

443 628 491 681 vel
519 628 645 680 adiectis
673 628 839 695 quantique
868 628 1010 680 momenti
1042 629 1100 680 sint
1128 629 1281 681 clausulae
1302 628 1332 681 tn

443 717 640 771 emendandis
659 716 814 770 codicibus
833 757 1331 770 ............
1368 718 1402 770 ll

245 805 315 875 Cap.
340 806 405 860 XII.
444 806 596 869 Quantum
628 806 743 858 Plinius
775 804 951 859 Ciceronem
988 805 1191 858 clausularum
1223 807 1331 875 figuris

444 897 614 949 aemulatus
634 897 684 963 sit3
706 896 743 948 de
763 894 890 950 Suetoni
910 897 1044 948 numeris
1056 935 1330 948 .......
1368 896 1403 950 49

245 986 402 1056 Calell.
441 986 552 1055 Meyeri
571 1001 664 1051 error,
679 984 781 1038 Woltfi
801 986 958 1053 opiniones
979 986 1137 1053 quaedam,
1151 984 1331 1053 Bornccquii
1506 1034 1507 1049 p

443 1078 535 1129 totius
548 1076 691 1128 materiae
703 1089 848 1144 perversa
859 1076 999 1128 tractatio
1015 1076 1148 1128 brevitor
1159 1076 1331 1127 refutantur
1368 1075 1403 1128 52
1506 1085 1508 1127 i

245 1165 315 1235 Cap.
330 1166 409 1220 XIV.
447 1164 607 1220 Clausulas
627 1166 700 1234 quid
721 1166 758 1218 de
778 1166 1022 1234 interpunctione
1042 1165 1197 1219 doceant.
1237 1206 1241 1216 .
1280 1206 1285 1219 .
1325 1206 1330 1215 .
1369 1166 1403 1219 57
1507 1166 1508 1177 ³

245 1256 315 1326 Cap.
347 1255 408 1309 XV.
447 1254 476 1310 C.
490 1255 521 1308 F.
536 1255 581 1309 W.
595 1254 712 1309 Miilleri
736 1271 818 1307 nova
837 1255 914 1308 Plini
935 1255 1026 1308 editio
1050 1262 1195 1323 quantum
1216 1272 1235 1308 a
1254 1254 1331 1308 Keili
1505 1248 1508 1321 j

445 1360 536 1416 quam
556 1345 679 1398 adhibui
702 1344 852 1413 discrepet
880 1383 1286 1399 ..........
1308 1384 1331 1419 μ.
1368 1344 1403 1399 59
1498 1358 1510 1517 ί

1503 1520 1510 1609 l
