3050 5084
728 819 885 902 Vita.

763 1005 852 1012 ——-.-

329 1111 431 1181 Natus
461 1132 529 1176 sum
555 1112 688 1177 Carolus
712 1111 882 1176 Hoiacker
914 1109 966 1175 die
990 1117 1082 1176 sexto
1097 1112 1223 1175 ,mensis
1247 1110 1395 1177 Octobris

223 1220 297 1283 anni
316 1220 410 1301 1877,
435 1218 634 1302 Straelenae,
659 1220 691 1282 in
717 1218 787 1284 vico
803 1210 991 1283 Rhenaniae
1013 1218 1183 1296 inferioris,
1208 1219 1396 1302 praentihus

223 1325 390 1390 Gerhardo
415 1335 446 1391 et
463 1327 575 1409 Maria,
601 1347 619 1391 e
642 1335 740 1410 gente
756 1325 857 1408 Dohr,
883 1326 998 1408 quihus
1016 1327 1097 1391 vivis
1114 1325 1276 1408 salvisque
1300 1324 1394 1391 10110-
1441 1326 1444 1329 ’

222 1440 344 1497 menter
373 1434 510 1518 gaudeo.
558 1434 760 1518 Religionem
792 1433 948 1518 profiteor
979 1433 1182 1499 catholicam.
1229 1435 1339 1498 Patrio
1364 1434 1395 1496 in

223 1541 342 1625 oppido
366 1542 477 1624 primis
492 1543 669 1606 litterarum
694 1542 859 1606 elementis
875 1541 1024 1623 imbutus,
1050 1561 1127 1624 puer
1152 1538 1305 1605 tredecim
1328 1540 1395 1605 fere

224 1667 376 1711 annorum
397 1649 581 1727 Vcnlonam,
615 1650 807 1713 Batavorum
832 1650 863 1712 in
888 1648 1008 1730 urbem,
1038 1648 1201 1731 migrari„
1217 1648 1395 1731 Collegium

223 1755 424 1820 Alhertinum
441 1756 709 1839 frequentaturos,
735 1755 821 1838 quod
839 1756 1027 1821 coenobium
1052 1755 1204 1840 auspiciis
1220 1757 1327 1821 Patris
1343 1756 1394 1820 Pii

222 1863 342 1945 Keller,
368 1862 443 1929 Ord.
458 1862 586 1946 Praed,
610 1864 760 1946 florebat,
787 1867 836 1928 cui
854 1865 922 1928 viro
940 1884 1093 1928 summam
1119 1862 1221 1929 debeo
1246 1865 1394 1946 gratiam.

223 1968 368 2046 Quatuor
400 1971 444 2034 ihi
478 1977 622 2035 versatus
656 1991 767 2051 annua,
804 1972 1001 2055 Kcurpenam
1036 1991 1086 2035 me
1119 1970 1159 2035 ad
1194 1970 1395 2055 perficienda

223 2077 383 2160 gymnasii
407 2076 514 2142 studia
539 2077 668 2160 contuli,
693 2079 746 2143 uhi
763 2077 924 2162 losephus
941 2078 1032 2160 Pohl,
1058 2079 1106 2142 vir
1130 2098 1329 2162 summopere
1353 2077 1395 2142 de

223 2203 274 2249 me
297 2185 438 2266 meritus,
465 2184 632 2250 dilectoris
648 2186 772 2250 vicibus
793 2186 996 2269 fungebatur.
1033 2186 1124 2250 Anno
1151 2186 1246 2267 1897,
1270 2186 1397 2250 maturi-

224 2292 300 2356 tatis
325 2291 505 2356 testimonio
523 2299 712 2375 exstructus,
738 2294 881 2357 Bonnam
899 2293 1064 2377 proiectus
1088 2312 1168 2373 sum,
1193 2293 1395 2378 philologieis

223 2398 336 2462 studiis
360 2404 394 2462 ut
411 2419 541 2483 operam
557 2420 720 2464 navarem.
759 2398 882 2464 Eodem
900 2400 1031 2475 consilio
1048 2406 1199 2464 autumno
1216 2399 1291 2464 anni
1310 2399 1394 2463 1898

224 2506 459 2571 Berolinensem
485 2506 552 2586 adli
575 2507 827 2588 uniuersitatem,
861 2508 915 2570 uhi
940 2527 998 2591 per
1022 2527 1079 2571 sex
1112 2527 1237 2572 menses
1268 2506 1394 2571 scholas

224 2612 333 2677 audivi
347 2613 404 2677 vir.
422 2614 482 2677 ill.:
508 2614 608 2695 Diels,
627 2614 777 2694 Koebler,
803 2614 916 2694 Koser,
934 2613 1062 2695 Mitnch,
1080 2613 1224 2692 Persice,
1243 2635 1272 2677 v.
1286 2612 1396 2679 Richt-

225 2721 338 2803 hoven,
356 2722 495 2805 Stumpi,
513 2744 541 2785 v.
554 2721 1004 2787 Wilamowitz-lloellendorl.
1032 2720 1110 2785 lnde
1127 2741 1234 2786 rursus
1250 2721 1393 2786 Bonnam

224 2829 335 2912 petivi,
371 2830 425 2894 ubi
460 2849 517 2913 per
551 2850 666 2894 novem
690 2831 857 2895 semestria
889 2829 1000 2894 audivi
1028 2831 1084 2893 vir.
1114 2829 1175 2893 ill.:
1210 2850 1239 2892 v.
1264 2825 1394 2911 Benold,

225 2937 393 3019 Bdcheler,
419 2937 517 3018 Elter,
536 2938 671 3022 Hampe,
688 2937 890 3010 Loeschcke
908 2939 937 3003 N
941 2936 1108 3020 euhatuser,
1129 2937 1256 3019 Nissen,
1273 2936 1396 3002 Rader-

224 3044 363 3125 macher,
397 3044 512 3123 Ritter,
547 3043 701 3125 Solmsen‚
733 3043 861 3126 Strack,
898 3045 1058 3126 Sudhaus,
1095 3047 1225 3112 Usener.
1273 3044 1395 3122 Quibus

224 3151 300 3216 viris
324 3171 393 3216 cum
412 3151 557 3215 omnibus
580 3151 1050 3217 trrmF1·anciscoBucchelero
1075 3160 1107 3218 et
1128 3152 1269 3217 Antonio
1285 3151 1395 3216 Eltero

224 3280 281 3344 pro
316 3259 467 3324 summnis
502 3261 533 3323 in
569 3278 619 3323 me
654 3259 775 3323 meritis
810 3260 947 3340 gratiam
982 3280 1106 3345 semper
1140 3260 1264 3324 haheho
1300 3279 1395 3341 quam

224 3390 405 3433 mammam.
