3050 5084
526 398 529 403 ,
635 322 812 377 -41-

129 537 151 575 ι
161 550 180 575 υ
191 538 297 576 aaa„
321 505 377 587 23)
388 503 479 571 Idem
489 527 519 592 p.
529 505 605 588 385,
615 507 635 571 2
645 504 830 571 obserralis.
856 504 912 586 24)
925 502 1000 587 386,
1009 503 1051 568 28
1065 501 1104 568 cl.
1115 502 1154 587 Bl
1169 506 1311 588 utsupra

131 637 167 700 p.
193 615 272 679 320:
301 615 441 700 ,femina
463 612 557 691 sibi“,
585 634 675 699 ,esse
698 610 861 678 meminit‘
891 636 1033 695 aeae„
1064 611 1121 691 25)
1145 633 1176 697 p.
1201 611 1308 693 394,1

132 721 177 787 cl.
208 722 250 805 A,
285 721 334 786 bis
373 720 511 805 ponitur.
555 758 599 767 —
634 722 707 789 Non
746 740 851 805 pauca
890 719 955 783 alia
993 718 1141 803 exempla
1179 723 1312 802 possunt

132 829 261 910 afferri,
295 812 348 893 ubi
382 828 562 894 huiusmodi
596 827 758 893 clausulae
795 827 906 911 paucis
939 826 1115 892 interiectis
1143 825 1255 891 eadem
1279 826 1311 889 in
1362 886 1370 905 ,

70 1009 73 1013 7
133 936 275 1021 epistula
298 935 350 1001 vel
374 936 493 1021 pagina
517 941 712 1020 repetuntur.
750 934 839 1000 Satis
867 934 966 1018 igitur
994 934 1070 999 hinc
1099 934 1310 1017 cognoscitur,

134 1042 276 1109 Plinium
300 1044 332 1107 in
355 1042 513 1129 ponendis
529 1043 681 1110 clausulis
704 1043 922 1128 symmetriam
940 1040 1100 1125 quandam
1117 1040 1311 1123 adfectasse,

134 1150 288 1234 quoniam
324 1150 457 1215 fortuito
497 1149 578 1215 haee
618 1148 777 1214 accidisse
815 1154 987 1231 nequeunt.
1048 1134 1170 1212 Plinius
1208 1154 1312 1212 utrum

134 1259 170 1321 in
205 1256 265 1321 hac
288 1277 323 1322 re
347 1257 427 1322 alios
451 1264 579 1322 secutus
603 1258 644 1322 sit
668 1277 709 1320 an
733 1256 762 1320 ei
787 1256 907 1340 primus
931 1254 1099 1337 studuerit,
1132 1255 1312 1319 discernere

134 1385 200 1430 non
234 1384 372 1449 possum,
407 1385 477 1430 eum
512 1363 553 1430 de
587 1363 800 1429 clausularum
833 1364 1019 1448 symmetria
1046 1362 1126 1426 nihil
1158 1362 1312 1446 scriptum

135 1491 209 1537 esse
232 1470 339 1536 adhuc
362 1478 481 1556 putem.

615 1739 721 1826 Caput
745 1740 835 1805 VIII.

495 1864 546 1931 lle
570 1864 742 1948 prosodia
766 1863 947 1930 Pliniana.

246 2008 444 2090 Prosodiam,
470 2027 532 2090 qua
548 2027 625 2074 usus
641 2008 683 2072 sit
699 2007 833 2089 Plinius,
858 2008 920 2072 iarn
939 2014 1111 2072 tractenus.
1148 2007 1212 2072 Res
1236 2027 1313 2072 sane

137 2115 299 2181 difficilis!
335 2116 417 2182 Nam
436 2114 617 2199 prosodiam
635 2114 676 2179 ab
693 2113 797 2179 Ennio
822 2112 1028 2179 constitutam
1047 2120 1173 2179 constat
1196 2114 1312 2180 sensim

138 2224 192 2287 hic
215 2223 281 2288 illie
304 2229 459 2287 mutatam
484 2242 564 2288 esse.
601 2222 684 2286 Plini
709 2230 817 2287 aetate
834 2227 986 2303 quantum
1010 2220 1162 2306 prosodia
1185 2223 1314 2306 poetica

139 2332 319 2415 apristina
347 2329 570 2415 discrepuerit,
605 2329 761 2395 Martialis
794 2335 944 2413 poemata
977 2328 1103 2394 docent.
1151 2330 1314 2395 Habemus

138 2438 289 2503 nonnulla
312 2438 494 2520 fragmenta
519 2438 645 2520 poetica
676 2436 776 2520 ipsius
800 2437 883 2500 Plini
918 2436 967 2501 vel
992 2438 1176 2518 amicorum,
1211 2457 1243 2521 p.
1261 2437 1315 2518 88,

143 2545 215 2627 118,
232 2545 306 2628 183,
322 2545 399 2625 187,
420 2563 502 2626 quae
526 2552 632 2608 tamen
649 2543 772 2608 minora
795 2548 878 2624 sunt,
896 2562 989 2624 quarn
1012 2548 1047 2606 ut
1071 2564 1111 2607 ex
1127 2543 1189 2607 illis
1207 2549 1315 2608 certae

139 2653 228 2735 leges
264 2650 474 2735 prosodiacae
507 2650 668 2715 enucleari
702 2649 835 2735 possint.
883 2647 960 2715 Sed
993 2650 1101 2732 ipsos
1132 2669 1316 2716 numeros

139 2759 177 2822 in
203 2757 273 2823 hac
296 2778 336 2823 re
353 2757 603 2824 ducesnobis
628 2777 712 2823 esse
735 2776 854 2841 posse
870 2775 1022 2822 censeo.
1055 2757 1139 2823 Nam
1163 2758 1189 2821 si
1207 2776 1316 2822 omnes

141 2866 311 2947 clausulas,
335 2885 467 2949 quarum
492 2864 533 2929 de
557 2885 704 2929 mensura
728 2863 869 2929 dubitari
892 2864 1012 2946 nequit,
1038 2864 1259 2948 collegerimus
1283 2870 1316 2930 et

141 2971 406 3056 discripserimus,
432 2972 492 3037 etsi
515 2992 578 3036 non
603 2977 720 3054 certae,
737 2970 920 3055 probabiles
944 2976 1050 3036 tamen
1075 2990 1115 3035 ex
1139 2971 1201 3036 illis
1223 2970 1316 3037 nohis

142 3080 336 3144 emanabunt
360 3078 491 3162 regulae
515 3076 558 3142 ad
578 3075 804 3142 diiudicandas
827 3078 909 3160 illas,
934 3097 1067 3160 quarum
1091 3077 1244 3162 prosodia
1267 3084 1316 3143 est

146 3187 307 3270 ambigua.

251 3297 281 3375 l)
307 3292 334 3359 Ο
358 3293 499 3358 finalis
522 3290 752 3356 nominativi
780 3293 979 3358 rarissime
1002 3294 1185 3359 occurrit.
1210 3292 1316 3378 Saepe

144 3400 339 3485 synaloephe
367 3400 419 3465 vel
443 3398 577 3465 elisione
610 3398 819 3481 contrahitur,
853 3406 901 3464 ut:
936 3400 1314 3470 01·at1'0„elueet.1m.r„.

144 3505 381 3589 Ceteroquin
404 3507 473 3573 illo
499 3516 675 3592 tempore
699 3506 859 3571 brevem
889 3507 1014 3573 luisse
1042 3516 1135 3594 puto
1168 3529 1187 3573 o
1220 3507 1316 3573 fina-

143 3612 212 3677 lem
236 3613 486 3680 nominativi.

248 3720 281 3800 8)
306 3719 430 3785 Verba
468 3720 592 3805 ,mihi,
629 3722 715 3805 tibi,
754 3723 841 3804 sibi,
877 3723 953 3804 ubi,
990 3721 1120 3804 talia“,
1157 3742 1344 3805 quorum¹

143 3828 308 3893 ultimae
332 3827 514 3911 syllabae
538 3848 719 3919 mensu-ra
751 3828 851 3894 adeo
881 3850 952 3894 non
981 3829 1175 3912 constitit,
1212 3836 1252 3893 ut
1276 3830 1316 3894 in

74 4023 77 4028 ¹
144 3935 285 4001 iisdem
332 3933 580 4001 carminibus
618 3935 727 4001 modo
766 3936 897 4001 brevis
936 3935 1046 4001 modo
1086 3936 1204 4020 longa
1249 3937 1315 4018 sit,

144 4042 247 4127 apud
279 4042 451 4107 Plinium
488 4044 499 4107 i
534 4042 711 4107 ultimam
746 4043 900 4126 longam
937 4043 1082 4108 habere
1118 4042 1316 4107 videntur.

145 4148 257 4214 Omnia
281 4150 364 4213 enirn
388 4150 457 4214 fere
486 4150 644 4235 exempla,
682 4170 764 4232 quae
797 4151 905 4215 statim
939 4151 1081 4233 afferam,
1116 4150 1162 4214 ita
1194 4156 1317 4215 structa

145 4262 223 4340 sunt,
248 4262 282 4321 ut
300 4257 540 4322 usitatissimam
565 4258 739 4322 clausulam
757 4258 928 4342 attingant,
955 4257 1126 4323 dummodo
1149 4258 1160 4321 i
1184 4257 1316 4323 finalem

144 4362 364 4448 producamus.
412 4363 603 4448 Epist.ll,1
642 4364 700 4429 tibi
733 4363 919 4430 mandarem
952 4394 1045 4431 .ι-.’-.
1093 4364 1175 4446 ΙΙ,6
1198 4384 1316 4447 magno

146 4470 200 4536 tibi
224 4474 350 4537 constat
366 4502 484 4539 aasz„
521 4471 601 4555 11,9
625 4471 775 4556 princeps
791 4471 867 4536 mihi
886 4470 1024 4536 credidit
1042 4501 1183 4541 sosias.
1217 4471 1260 4554 ΙΙ,
1275 4472 1317 4537 19
