3050 5084
709 346 885 402 ...46-

145 550 150 559 ‘
210 527 284 595 ideo
308 527 535 610 lactumsesse,
568 518 665 610 quod*
689 549 751 593 non
787 535 852 593 tam
885 528 967 594 bene
1000 527 1132 593 caderet
1164 525 1324 613 periodus,
1357 527 1387 593 si

211 636 291 701 illud
314 637 346 700 in
371 642 514 700 extremo
538 643 718 718 poneretur.
767 634 922 701 Conleras
947 635 1041 701 velim
1065 657 1097 721 p.
1118 635 1251 718 tuear:
1279 634 1387 717 „quod

211 744 309 809 habet
333 744 560 809 maximamrin
584 763 692 807 amore
723 746 965 808 constantiam.“
1016 742 1152 808 Ibidem:
1189 765 1219 807 v.
1244 744 1286 807 28
1325 762 1387 826 „ex

212 853 328 917 Latino
352 859 477 918 vertere
512 852 543 915 in
568 849 755 916 Gr·aecum.“
806 850 865 915 His
900 850 978 916 locis
1012 857 1171 916 structura
1204 870 1317 915 vocum
1354 851 1388 913 in

212 979 310 1025 causa
333 958 395 1024 fuit
418 965 453 1023 ut
478 960 607 1024 verbum
625 958 750 1022 linitum
768 959 986 1043 praepositum
1009 959 1060 1040 sit,
1086 964 1118 1023 et
1134 959 1165 1021 in
1183 957 1268 1022 idem
1286 957 1387 1039 cadit,

212 1065 297 1149 quod
322 1064 401 1130 illud
426 1065 527 1130 rarius
544 1065 622 1130 talia
639 1065 804 1129 enuntiata
821 1063 952 1147 claudit,
978 1065 1030 1128 ubi
1056 1064 1266 1130 clausularum
1288 1084 1389 1129 causa

211 1175 506 1239 insuetam'vocum
531 1171 793 1256 compositionem
818 1173 878 1236 sibi
903 1171 1070 1236 indulserit
1100 1178 1222 1253 auctor,
1258 1171 1298 1236 de
1323 1192 1389 1253 qua

212 1282 358 1367 proximo
383 1281 491 1364 eapite
518 1301 623 1363 agam.

692 1460 906 1467 ’,η-...-

319 1624 422 1688 Antea
447 1620 557 1686 Wollfi
587 1620 732 1705 exemplo
766 1621 822 1700 (ef.
849 1621 963 1704 pecu
987 1621 1049 1701 sq.)
1085 1619 1178 1704 primi
1215 1619 1286 1683 libri
1321 1621 1388 1704 epi-

59 1775 60 1778 *
153 1823 157 1827 Ι
213 1732 366 1796 ulularum
392 1729 555 1795 clausulae
580 1748 659 1810 quas
684 1728 825 1792 habeant
849 1726 1020 1792 incisiones
1043 1726 1219 1792 illustrabo.

521 2672 654 2710 summa:
675 2657 727 2709 113
927 2671 1060 2709 summa:
1098 2657 1133 2709 70

322 3750 541 3816 Clausularum
565 3781 677 3818 rora„
701 3755 733 3814 et
755 3780 844 3816 ror„
879 3747 1049 3812 incisiones
1085 3746 1152 3810 fere
1188 3743 1321 3810 eaedem
1351 3766 1390 3810 ac

215 3859 509 3941 Ciceronianarum3
546 3858 709 3923 clausulae
746 3855 921 3920 dicreticae
960 3853 1164 3918 vehementer
1192 3838 1389 3937 discrepant.

216 3966 281 4029 Sed
297 3966 432 4030 sortasse
449 3986 525 4030 casu
541 3964 603 4030 lroc
619 3965 741 4029 factum
759 3969 819 4045 cst,
843 3961 994 4044 quoniam
1007 3960 1108 4025 Wolff
1121 3959 1219 4023 multo
1237 3960 1389 4023 maiorem

113 4113 115 4116 >
216 4073 414 4137 nurnero'rum
440 4072 566 4157 copiam
590 4072 791 4155 perquisivit.
