3050 5084
594 362 749 415 ,3-

85 543 189 616 terito,
214 541 296 607 haec
319 562 390 606 curn
408 562 583 624 exararem,
612 544 644 606 in
661 543 762 606 lucem
781 541 869 606 edita
885 549 933 608 est
957 544 987 608 J.
1006 542 1118 607 Woltti
1143 542 1257 607 disser-

85 650 175 730 tatio,
195 668 277 731 quae
293 642 487 715 inscribitur:
503 651 572 733 ,De
589 649 740 714 clausulis
751 649 1000 730 Ciceronianis“,
1015 649 1145 733 Lipsiae
1161 650 1256 713 1901.
1331 680 1333 683 ·

85 753 285 837 Quamquam
302 756 456 820 Wolfl'ius
480 756 631 820 nonnulla
661 756 794 840 profert,
827 776 910 838 quae
933 755 1011 820 mihi
1034 775 1091 820 suo
1116 756 1185 820 loeo
1210 774 1256 819 re-

85 861 221 926 futanda
238 870 340 942 erunt,
355 871 460 926 tamon
478 862 616 946 gaudeo,
634 883 684 926 me
701 883 770 927 eum
789 883 827 927 eo
844 862 884 926 de
902 863 1024 927 ratione
1041 862 1130 927 etde
1147 862 1257 927 formis

86 969 298 1034 clausularum
339 969 424 1033 illius
463 970 616 1054 temporis
656 971 863 1034 consensisse.
922 971 995 1053 lpse
1034 969 1184 1051 inquisivi
1224 969 1257 1032 in

84 1076 243 1140 clausulas
267 1083 299 1139 et
323 1077 529 1159 epistularum
555 1085 588 1140 θῖ
605 1077 792 1160 panegyrici
811 1076 845 1140 C.
864 1076 947 1140 Plini
965 1077 1085 1141 Caecili
1103 1076 1255 1158 Secundi,

84 1202 177 1263 qucm
204 1183 304 1246 virum
329 1183 361 1246 in
388 1183 448 1247 hac
472 1195 542 1247 arte
567 1185 645 1247 mire
670 1183 808 1247 valuisse
832 1181 1095 1248 demonstrabo.'

592 1397 697 1482 Caput
721 1398 746 1461 I.

190 1557 358 1622 Veterum
382 1558 425 1624 de
450 1558 623 1625 clausulis
647 1558 858 1625 testimonia
881 1559 1152 1640 perquiruntur.

194 1719 371 1800 Antequam
396 1720 437 1783 ad
456 1741 519 1785 rem
537 1720 734 1804 progrediar,
760 1719 801 1783 de
818 1719 873 1784 illa
895 1722 1080 1802 quaestione
1097 1717 1256 1803 agendum

86 1823 162 1888 mihi
188 1825 324 1907 videtur,
355 1847 448 1909 quae,
483 1847 675 1910 quamquam
700 1829 812 1892 summi
843 1834 891 1892 θεῖ
915 1830 1074 1901 momenti,
1108 1838 1258 1892 tamena

85 1931 171 2031 upllo
195 1932 301 1996 adhuc
325 1936 403 1998 satis
435 1935 531 1998 ubere
555 1942 603 1998 θεῖ
627 1953 795 2019 perpensa,
830 1933 903 1998 dico
932 1934 1182 1998 testimoniorum
1208 1954 1257 1999 rc-

13 2062 15 2087 1
87 2048 200 2117 terum,
225 2060 308 2120 quae
333 2041 373 2104 de
390 2043 528 2105 numeris
545 2050 577 2104 et
593 2041 748 2124 imprimis
766 2041 916 2106 clausulis
932 2043 1024 2106 nohis
1040 2053 1111 2105 sunt
1129 2042 1257 2106 tradita.

86 2145 200 2210 Wuest
224 2155 255 2209 et
272 2146 404 2212 Mueller
428 2149 511 2215 solos
528 2149 712 2213 Ciceronem
734 2157 766 2212 θῖ
783 2148 1010 2225 Quintilianum
1035 2149 1256 2232 inspexerunt3

87 2251 199 2336 Meyer
224 2253 416 2338 hypothesin
450 2276 512 2319 uno
542 2257 573 2319 in
598 2257 793 2320 Terentiano
817 2256 928 2318 Mauro
959 2256 1073 2339 posuit.
1127 2255 1258 2320 Norden

84 2359 236 2423 nonnulla
261 2361 390 2444 collegit
406 2363 600 2445 testimonia,
625 2362 681 2427 sed
708 2362 791 2426 adeo
814 2383 876 2426 non
901 2371 1061 2443 accurate,
1088 2372 1122 2426 ut
1139 2383 1178 2427 ex
1194 2363 1258 2427 illis

13 2520 15 2525 .
85 2487 153 2530 rem
178 2467 322 2534 funditus
356 2473 537 2554 perspicere
570 2470 699 2534 minime
733 2470 839 2533 liceat.
888 2470 992 2534 Ceteri
1028 2471 1076 2534 his
1099 2469 1178 2533 nihil
1204 2469 1257 2533 ad-

13 2562 15 2601 l
84 2572 266 2639 iunxerunt.
304 2576 344 2638 Et
368 2584 474 2641 tamen
491 2597 585 2659 quam
602 2577 875 2642 accuratissimam
894 2576 1003 2639 horum
1029 2576 1163 2641 fontium
1189 2597 1257 2660 per-

84 2680 288 2760 quisitiooem
313 2683 467 2766 imprimis
493 2690 611 2747 certam
638 2704 747 2748 ansam
765 2684 857 2747 nohis
873 2684 1027 2767 praebere
1053 2704 1145 2767 posse
1169 2691 1256 2766 puto.

84 2788 167 2852 Nam
192 2788 300 2852 adhuc
325 2790 384 2853 viri
408 2790 494 2855 docti
527 2791 567 2855 de
597 2791 807 2854 clausularum
834 2791 1010 2855 rationibus
1043 2788 1258 2865 diversissime

83 2878 238 2958 iudicant.
276 2896 361 2979 Ergo
386 2917 605 2979 quaecumque
623 2897 664 2961 ad
689 2897 769 2962 haec
786 2897 980 2981 pertinentia
1004 2917 1178 2979 congerere
1202 2917 1257 2980 po-

84 3009 164 3081 tero,
194 3001 393 3085 inspicienda
426 3025 464 3068 ac
496 3005 710 3088 perquirenda
734 3005 809 3068 mihi
836 3013 936 3068 erunt.
983 3002 1108 3081 Quam
1133 3024 1167 3068 re
1192 3004 1256 3068 dun

85 3107 163 3169 mihi
188 3108 248 3173 fuit
273 3110 360 3174 locus
385 3111 437 3174 ille
461 3112 491 3174 in
518 3111 628 3176 Rufini
653 3111 797 3175 frustulis
823 3109 1046 3189 (Grammatiei
1063 3110 1181 3191 Latini,
1206 3111 1258 3175 ed.

83 3213 170 3295 Keil,
193 3224 267 3280 tom.
287 3217 340 3281 VI.
358 3240 389 3301 p.
406 3219 496 3298 573),
522 3220 574 3282 uhi
592 3219 723 3301 legitur:
752 3218 1031 3302 „Scripserunt
1047 3216 1189 3281 Latine
1213 3218 1258 3282 de

82 3325 257 3388 numeris
274 3325 328 3396 hi,
346 3325 498 3401 Cicero,
515 3326 756 3404 Victorinus,
776 3325 975 3405 Eusebius,
990 3325 1257 3407 Terentianus,

13 3452 15 3461 ¹
83 3430 225 3512 Varro,
257 3432 421 3514 Probus,
456 3434 676 3516 Charisius,
713 3433 936 3512 Diomedes,
973 3431 1257 3513 Quintilianus

82 3538 277 3611 Donatus,
314 3540 462 3623 Victor,
488 3541 676 3606 Servius.“
726 3540 861 3605 Servata
895 3539 987 3604 nohis
1022 3548 1095 3604 sunt
1131 3547 1258 3624 praeter

13 3654 29 3739 ζ
80 3645 198 3709 brevis
214 3652 246 3707 et
262 3646 398 3729 abrupta
422 3648 532 3712 Rufini
549 3648 695 3728 frustula,
720 3649 836 3729 quihus
852 3648 1019 3711 multorum
1045 3647 1085 3710 de
1107 3647 1258 3712 clausulis

13 3790 14 3795 κ
78 3751 207 3836 iudicia
232 3760 455 3835 congeruntur,
487 3774 631 3836 eaquae
658 3755 823 3835 l)Cicero,
849 3756 882 3831 2)
900 3752 1124 3834 Quintilianus,
1148 3754 1182 3832 3)
1199 3754 1258 3818 Τθ·

77 3859 260 3941 rentiarrus,
284 3861 318 3939 4)
336 3861 470 3941 Probus,
495 3864 528 3939 5)
546 3863 729 3944 Diomedes,
754 3863 787 3940 h)
805 3861 1033 3927 JuliusVictor
1057 3860 1097 3924 de
1121 3861 1258 3925 numeris

76 3970 311 4034 disseruerunt.
360 3969 501 4050 Varro,
526 3989 620 4051 quem
644 3970 676 4034 in
692 3969 781 4033 lihris
806 3967 972 4032 rhetoricis
989 3967 1029 4030 de
1047 3967 1106 4030 hac
1124 3967 1258 4030 materia

13 4062 14 4083 l
75 4079 190 4162 egisse
217 4076 386 4142 verisimile
415 4084 472 4157 est,
507 4075 692 4160 deperditus
717 4083 775 4140 est.
824 4076 902 4138 Item
923 4075 1191 4153 Victorinus,
1216 4072 1257 4137 de

76 4205 146 4270 quo
172 4182 320 4265 adiungit
343 4183 481 4247 Rufinus
506 4184 573 4262 (Cr.
600 4183 636 4246 L.
656 4184 710 4263 Vl,
735 4182 811 4260 5¹13,
839 4182 999 4259 ls-mp:
1032 4179 1135 4263 „idem
1160 4180 1257 4242 multa

75 4287 196 4361 dicitl.
244 4291 401 4356 Maximus
421 4291 600 4354 Victorinus
633 4290 687 4352 ille
721 4308 790 4354 esse
824 4288 899 4351 mihi
935 4287 1069 4367 ridetur,
1104 4286 1193 4350 cuius
1225 4288 1257 4349 in

74 4406 166 4470 libro
192 4397 233 4462 de
257 4406 326 4462 arte
350 4397 560 4479 grammatica
584 4397 719 4480 legimus
744 4396 810 4475 (Gr.
830 4395 867 4457 L.
886 4394 941 4475 VI,
962 4394 1054 4472 ism:
1088 4392 1257 4477 „Clausala

74 4507 162 4597 quid
199 4506 270 4568 ost?
307 4505 501 4587 Compositio
538 4504 704 4568 verborum
744 4501 922 4585 plausibilis
954 4508 1132 4563 structurae
1169 4501 1256 4564 exitu
