3050 5084
608 343 766 398 -5-

103 527 285 611 plusquam
311 545 502 609 quemquam
532 532 627 589 antea
651 525 691 589 de
725 524 787 589 hac
811 526 945 590 materia
970 525 1169 609 praestitisse
1199 526 1271 590 con·

103 635 200 699 tendit
224 635 335 714 §225
383 636 459 718 Ipsa
482 633 565 697 haec
590 653 641 697 res
665 634 696 696 in
726 653 823 697 causa
847 633 944 697 fuisse
969 632 1043 696 mihi
1070 632 1207 714 videtur,
1237 638 1271 696 ut

102 741 151 805 ille
175 741 257 806 adeo
281 761 343 805 non
361 741 548 825 perspicuus
572 740 670 804 fuerit
694 740 851 822 simulque
872 740 1048 804 luculenter
1066 739 1138 804 hinc
1155 739 1272 804 evinci·
1392 766 1394 771 ·

103 858 157 928 tur,
176 869 269 930 quam
286 868 348 912 non
365 848 462 913 fuerit
478 847 624 929 idoncus,
648 848 701 911 ubi
718 846 825 910 fontes
843 846 1050 928 deficiebant,
1075 847 1146 929 ipsa
1163 846 1272 929 ingeni
1341 902 1345 911 ,

101 955 269 1038 vialiquid
294 955 448 1040 proferre.
486 954 551 1019 Sed
577 954 637 1018 hoc
660 960 732 1017 utut
756 953 922 1034 sehabet,
946 952 1024 1017 illud
1048 953 1272 1036 gravissimum

101 1069 157 1143 est,
173 1063 349 1146 prinoipem
363 1062 576 1126 Romanorum
588 1059 746 1144 pedestris
762 1061 916 1125 sermonis
932 1067 1095 1125 auctorem
1113 1061 1273 1126 clausulas

101 1176 130 1234 ct
152 1170 278 1234 novisse
303 1180 344 1250 et,
370 1169 445 1233 licet
462 1168 599 1233 fortasse
616 1168 719 1250 magis
735 1187 845 1231 sensus
867 1187 961 1250 quam
978 1169 1055 1232 artis
1071 1172 1271 1252 perspectam

100 1277 420 1351 rationem-secutum,
445 1274 593 1341 adhiberi
616 1275 755 1355 iussisse,
781 1294 840 1338 nec
856 1275 920 1339 ullo
936 1273 1031 1339 modo
1055 1264 1175 1356 dubito,
1198 1276 1273 1356 quin

100 1383 208 1449 Cicero
232 1385 334 1449 minus
358 1385 390 1447 in
414 1381 531 1460 studio,
565 1402 660 1465 quam
684 1382 715 1445 in
740 1382 835 1446 rebus
859 1388 890 1445 et
915 1402 973 1446 usu
996 1388 1142 1446 versatus
1165 1382 1272 1446 fucrit.

100 1489 226 1555 Norden
251 1496 283 1555 et
300 1490 402 1553 Wolff
431 1491 509 1574 ipsis
534 1489 697 1554 Ciceronis
728 1489 882 1572 exemplis
907 1489 1032 1554 collatis
1056 1488 1273 1570 ostenderunt,

101 1597 262 1661 Ciceronis
285 1617 376 1661 nsum
400 1619 419 1660 a
448 1596 594 1662 doctrina
627 1596 695 1661 eius
724 1595 922 1678 aliquantum
955 1596 1139 1680 discrepare
1163 1602 1195 1660 et
1218 1597 1274 1659 im-

101 1705 207 1787 primis
231 1705 384 1769 oreticum
407 1706 440 1768 in
463 1704 612 1769 clausulis
636 1704 702 1768 eius
728 1703 827 1768 multo
844 1704 916 1788 plus
941 1704 1089 1784 valuisse,
1114 1724 1210 1786 quam
1234 1723 1273 1767 ex

100 1809 231 1875 Oratore
252 1811 432 1896 exspectari
449 1817 585 1896 poterat.
622 1810 723 1876 Simul
740 1810 816 1874 hinc
833 1810 1037 1894 perspicuum
1062 1816 1120 1885 cst,
1149 1830 1274 1894 prae-

99 1925 229 2002 cepta
252 1919 570 1998 Ciceroniana,
606 1919 638 1983 si
672 1918 831 2002 figuras
866 1918 1098 2002 respicimus
1123 1919 1276 1983 clausu-

99 2026 226 2105 larum,
251 2025 398 2089 nullius
422 2024 504 2090 fere
529 2045 614 2090 esse
639 2026 773 2108 pretii.
964 2012 966 2015 ⁵

206 2133 236 2195 2.
261 2130 582 2208 Quintilianus.
630 2132 765 2196 Mueller
797 2133 898 2196 multa
922 2131 962 2196 de
992 2152 1029 2197 eo
1062 2132 1142 2196 fecit
1166 2133 1274 2197 verba.

99 2236 314 2315 Quintilianus
344 2258 535 2320 quamquam
559 2239 608 2303 IX
631 2240 663 2321 4,
677 2239 779 2320 uulsa
812 2238 955 2321 miratur,
992 2239 1135 2304 homines
1165 2239 1275 2321 fuisse,

98 2346 152 2427 qui
176 2346 256 2411 alios
280 2345 379 2429 pedes
396 2346 562 2429 eligerent,
588 2347 668 2410 alios
684 2346 883 2427 damnarent,
908 2367 971 2411 non
996 2348 1098 2411 minus
1121 2348 1161 2412 27
1192 2347 1277 2411 clau·
1338 2374 1341 2379 ·

97 2452 184 2518 sulas
208 2459 382 2532 enumerat,
408 2474 487 2535 quas
513 2455 594 2519 benc
619 2452 736 2519 cadere
760 2460 873 2538 putat:

209 2561 238 2640 1)
254 2601 400 2634 .....
425 2563 458 2641 2)
478 2602 622 2632 .....
654 2561 688 2641 3)
706 2601 851 2631 ooooo
880 2562 1078 2641 4lo-.-.
1106 2562 1274 2643 5lo---

97 2669 133 2748 6)
153 2706 264 2738 .-υ-
291 2668 479 2747 7)ψ--υ-
503 2670 717 2748 8)···υ---
748 2669 782 2747 9)
796 2710 976 2740 ......
1003 2670 1057 2749 10)
1073 2710 1244 2744 ------

208 3202 342 3269 Rcfutat
373 3202 547 3269 clausulas:
598 3207 629 3284 l)
658 3248 769 3276 w.-
818 3207 852 3285 2)
882 3246 1054 3276 ων.-
1103 3205 1275 3284 3).--

93 3311 130 3383 4)
159 3352 299 3380 .....
335 3312 369 3390 5)
394 3312 659 3392 ψὴν-(109)
695 3313 729 3394 6)
753 3355 859 3383 coc-
897 3314 929 3391 7)
956 3354 1121 3383 ......
1131 3312 1232 3392 llll).

208 3417 281 3483 Non
314 3438 386 3483 raro
425 3439 445 3482 a
483 3418 656 3501 Cicerone,
698 3439 791 3502 quern
825 3426 967 3485 secutum
1007 3439 1042 3484 se
1081 3438 1151 3484 esse
1189 3416 1277 3497 dicit,

90 3525 281 3606 discrepat3
315 3523 474 3589 interdum
498 3545 538 3590 ne
561 3526 623 3609 ipsi
648 3525 777 3609 quidem
802 3527 862 3591 sibi
887 3532 1022 3591 constat.
1069 3527 1151 3591 Nam
1177 3525 1278 3604 §103

16 3624 21 3691 l
87 3633 206 3717 ipsum
231 3648 266 3693 se
290 3630 431 3713 corrigit,
465 3637 498 3697 et
531 3652 601 3696 cum
626 3634 706 3713 §94
737 3640 889 3719 exponat,
923 3654 986 3698 non
1015 3632 1117 3697 solum
1146 3631 1277 3712 referre,

21 3786 22 3789 ,
87 3738 174 3823 quis
198 3756 257 3820 pes
276 3734 417 3818 claudat,
434 3737 491 3803 sed
510 3738 712 3806 claudentem
729 3743 801 3824 quis
823 3739 1007 3819 antecedat,
1031 3760 1094 3803 non
1119 3738 1279 3803 dubitavit

22 3890 23 3893 κ
86 3851 111 3930 ξ
134 3844 216 3926 104,
240 3842 341 3908 solum
360 3842 524 3930 dactylum
545 3846 684 3929 itemque
700 3846 956 3931 amphibrachyn
973 3848 1089 3912 iustam
1114 3843 1279 3910 declarare

85 3950 290 4022 clausulam.
340 3948 464 4016 Deinde
496 3953 557 4018 etsi
580 3961 668 4019 recte
693 3953 813 4031 docuit,
848 3959 1005 4019 oratorem
1030 3973 1087 4038 per
1111 3972 1146 4017 se
1170 3970 1279 4016 omues

84 4078 252 4128 numeros
268 4057 422 4123 adhibere
440 4095 472 4105 -
490 4062 612 4125 numeri
629 4062 723 4140 enim,
749 4060 863 4143 quibus
881 4067 966 4124 totus
983 4064 1109 4124 constat
1125 4058 1278 4124 orationis

82 4179 206 4248 tenor,
230 4165 271 4229 ab
293 4165 343 4247 iis,
368 4166 421 4247 qni
439 4166 590 4231 clausulis
606 4167 683 4232 solis
699 4174 772 4232 sunt
789 4165 1033 4248 accommodati,
1058 4163 1278 4248 distinguendi

80 4281 195 4346 sunt,
236 4277 270 4334 ut
314 4291 355 4336 ex
388 4271 542 4337 Cicerone
585 4272 726 4338 dilucide
761 4279 869 4358 potest
905 4274 1057 4356 cognosci
1092 4309 1135 4318 —
1170 4278 1278 4336 tamen

80 4384 208 4450 minus
231 4378 435 4462 perspexisse
458 4377 536 4443 mihi
565 4378 703 4460 videtur,
736 4381 889 4445 nonnulla
918 4379 1129 4444 clausularum
1159 4397 1278 4461 genera

78 4486 224 4561 sensim
241 4485 288 4550 ita
304 4486 533 4569 praevaluisse,
557 4492 592 4551 ut
608 4486 733 4551 illarum
755 4506 813 4551 usu
829 4485 1003 4551 subtilioris
1031 4488 1108 4552 artis
1132 4492 1280 4552 auctores
