3050 5084
612 886 662 977 ᾗ
678 888 691 925 ’1
709 906 724 945 ,2
805 930 818 969 ,f
849 930 852 935 .

665 976 700 1013 Of
715 975 771 1009 ’Ψ

721 990 726 1011 l

542 1048 551 1123 t
586 1050 719 1113 uretur?

549 1132 555 1145 Ι
713 1148 715 1151 ,

554 1146 572 1185 Ι.
706 1150 723 1173 ,ι

739 1000 743 1011 Ι

788 1046 826 1067 ον·

727 1080 750 1107 n'n
788 1043 856 1109 „Y
892 1088 897 1095 ⁶

885 1116 891 1155 ί

729 1148 742 1175 1·

209 1424 338 1508 Lingua
360 1423 480 1487 Latina
510 1444 530 1486 a
555 1421 728 1487 vernacula
760 1422 967 1506 plurimisque
1000 1429 1127 1488 nostrae
1160 1424 1276 1488 aetatis

104 1530 221 1615 linguis
245 1530 307 1596 hac
330 1551 364 1595 re
380 1530 536 1614 imprimis
553 1529 726 1614 discrepat,
750 1528 836 1611 quod
854 1529 997 1614 singulas
1019 1529 1162 1614 syllabas
1179 1550 1276 1612 quan-

104 1639 196 1702 titate
220 1639 350 1701 metitur
380 1644 412 1702 et
443 1637 604 1718 discernit,
639 1638 685 1701 ita
718 1643 753 1701 ut
784 1636 962 1720 distinguat
991 1637 1135 1720 syllabas
1163 1637 1277 1720 longas

104 1752 135 1809 et
164 1745 287 1826 breves,
321 1744 395 1809 illae
428 1752 539 1809 contra
569 1745 670 1810 solum
701 1744 799 1808 ictum
831 1745 1039 1828 respicientes
1075 1744 1276 1828 distinguunt

103 1870 215 1916 vocum
237 1871 331 1916 sonos
347 1851 435 1917 leves
452 1859 484 1916 et
500 1857 620 1917 acutos.
659 1850 816 1929 Quaeres
833 1852 967 1935 primum
985 1853 1016 1914 in
1034 1870 1099 1915 rem
1116 1852 1276 1935 poeticam

102 1958 200 2023 cadit.
247 1958 290 2021 Et
314 1965 458 2023 veterum
491 1959 614 2022 numeri
645 1964 677 2022 et
705 1964 808 2022 metra
836 1958 974 2043 poetica,
1009 1957 1129 2042 quippe
1162 1959 1277 2040 quibus

101 2066 165 2147 iam
193 2086 212 2127 a
243 2065 349 2148 pueris
382 2065 571 2146 imbuamur,
605 2063 692 2129 haud
725 2064 794 2129 iere
827 2065 929 2128 minus
963 2084 1056 2146 quam
1084 2065 1297 2150 remaculae·

101 2171 230 2254 linguae
252 2177 427 2256 praecepta
450 2172 593 2254 metrica,
619 2175 651 2235 in
668 2190 777 2236 sucum
803 2178 835 2235 et
856 2171 1044 2255 sanguinem
1068 2172 1161 2236 nobis
1177 2171 1276 2237 ducta
1367 2180 1369 2184 ’

99 2286 183 2342 sunt.
234 2278 366 2342 Veteres
402 2285 509 2342 autem
545 2286 693 2343 auctores
728 2278 761 2342 in
796 2277 937 2363 pedestri
970 2298 1096 2360 quoque
1129 2298 1274 2343 sermone

99 2404 300 2450 numerorum
336 2385 490 2450 rationem
527 2384 687 2466 quandam
723 2384 899 2450 affectasse
933 2384 1036 2450 minus
1072 2384 1179 2450 adhuc
1213 2385 1275 2450 fuit

99 2500 220 2558 notum.
269 2491 367 2558 Cuius
390 2491 437 2556 rei
462 2492 596 2576 primum
621 2493 652 2556 in
677 2512 775 2557 causa
803 2491 875 2573 fuit,
910 2491 995 2574 quod
1029 2492 1113 2558 illius
1143 2495 1276 2557 rationis

100 2600 231 2682 regulae
255 2618 357 2680 aeque
378 2606 487 2664 certae
511 2609 543 2664 et
564 2601 827 2685 circumscriptae
850 2620 889 2664 ac
906 2598 947 2665 de
970 2619 1005 2664 re
1025 2600 1161 2664 metrica
1184 2601 1276 2665 nobis

98 2728 160 2773 non
194 2712 332 2787 exstant,
367 2705 485 2771 deinde
519 2706 603 2789 quod
637 2706 716 2772 illud
747 2728 767 2772 a
796 2708 895 2773 nostri
929 2707 1084 2772 sermonis
1116 2706 1275 2791 pedestris

96 2814 275 2880 rationibus
299 2821 348 2879 est
370 2815 626 2878 remotissimum.
674 2814 837 2882 Nonnulla
861 2834 963 2896 eaque
984 2813 1162 2879 certissima
1186 2816 1273 2878 testi·

97 2921 204 2985 monia
228 2920 349 2985 tradita
371 2919 536 3006 habemus,
562 2922 688 3003 quibus,
720 2921 831 3003 quanti
856 2920 1008 2985 momenti
1032 2922 1194 2987 veteribus
1217 2941 1272 2986 nu-

98 3046 203 3091 merus
226 3026 334 3109 fuerit,
358 3028 390 3090 in
414 3027 596 3093 universum
625 3027 811 3093 illustretur.
858 3026 1000 3104 Quorum
1030 3047 1112 3110 quae
1136 3027 1274 3092 luculen-

97 3135 221 3200 tissima
238 3134 396 3217 videntur,
412 3135 511 3200 verbo
528 3142 621 3200 tenus
637 3134 810 3220 proferam.
836 3135 948 3200 Cicero
965 3135 1273 3218 111311111ξξ32133

96 3242 222 3307 scribit:
261 3243 313 3327 ,ls
346 3243 475 3327 scripsit
508 3242 674 3327 praeclare
709 3291 848 3306 .....
874 3241 948 3306 dum
973 3262 1099 3308 versum
1132 3243 1273 3326 fugeres,

96 3349 226 3413 modum
256 3356 362 3415 tamen
398 3357 430 3414 et
463 3368 627 3414 numerum
656 3349 816 3433 quendam
846 3357 994 3434 oportere
1018 3353 1150 3414 servari.
1198 3351 1273 3435 Ipsa

96 3458 179 3521 enim
213 3463 329 3521 natura
353 3506 359 3521 .
387 3506 393 3520 .
421 3506 427 3519 .
453 3457 542 3521 cadit
571 3458 692 3537 (etiam)
723 3457 907 3540 plerumque
940 3455 1138 3521 numerose.“
1164 3494 1208 3502 -
1231 3458 1273 3521 Et

45 3560 49 3565 ’
96 3565 129 3626 in
155 3562 296 3627 eiusdem
314 3565 333 3643 ξ
350 3564 409 3628 68:
437 3564 494 3649 ,ld
519 3572 617 3645 muta,
642 3564 726 3647 quod
752 3571 818 3629 tum
841 3565 895 3629 ille
912 3585 974 3628 non
991 3563 1106 3648 potuit,
1131 3572 1163 3629 et
1187 3563 1272 3629 adde

95 3668 274 3734 numeros.“
305 3706 340 3715 -
368 3668 438 3746 Quo
472 3671 543 3736 loco
577 3671 631 3735 ille
664 3670 824 3755 pedestris
857 3671 1012 3736 sermonis
1048 3671 1273 3735 celeberrimus

22 3784 24 3851 ξ
95 3775 217 3841 artifex
251 3776 411 3860 expressis
443 3777 548 3842 verbis
582 3779 685 3842 bonae
718 3778 924 3861 elegantique
956 3779 1093 3843 orationi
1125 3798 1272 3842 numeros

22 3872 26 3935 ἓ·
93 3883 295 3950 necessarios
319 3902 389 3949 esse
419 3883 570 3949 ostendit.
618 3885 701 3951 Nam
735 3905 807 3949 cum
841 3884 960 3951 crudae
979 3874 1035 3949 villi
1060 3884 1191 3948 Catonis
1224 3906 1271 3949 ra-

93 3990 173 4055 tioni
198 3990 326 4055 dicendi
354 3989 468 4056 deesse
492 3990 564 4056 illos
592 3991 777 4072 contendat,
809 3993 871 4056 iam
904 3992 1014 4075 procul
1045 3989 1142 4055 dubio
1172 4011 1227 4056 eos
1251 4012 1271 4056 a

92 4115 171 4161 vero
196 4116 288 4179 quem
318 4098 387 4181 ipse
417 4097 608 4162 affectatum
633 4099 769 4163 voluerit
793 4098 902 4182 lepore
932 4098 1058 4181 seiungi
1082 4117 1144 4162 non
1176 4118 1270 4181 posse

92 4202 302 4268 demonstrat.
350 4203 476 4269 Deinde
509 4206 540 4269 in
567 4204 715 4288 Oratore,
749 4225 812 4287 quo
845 4205 927 4270 libro
961 4204 1073 4269 Cicero
1107 4205 1270 4289 pingenda

91 4309 230 4394 perfecti
254 4312 390 4375 oratoris
414 4312 554 4393 imagine
578 4320 681 4377 artem
704 4333 794 4378 suam
819 4313 860 4377 ab
874 4313 1051 4375 Atticorum
1077 4310 1192 4376 studiis
1216 4312 1269 4376 de-

90 4415 226 4482 fendere
244 4423 387 4500 conatur,
411 4417 497 4483 haud
514 4419 663 4504 exiguam
688 4425 814 4504 partem
832 4418 991 4484 concessit
1007 4418 1156 4482 numeris.
1193 4419 1269 4503 Ipsa

92 4524 175 4588 baec
199 4544 294 4605 quam
319 4525 413 4608 attigi
438 4526 617 4590 Atticorum
642 4531 674 4590 et
698 4526 890 4589 Asianorum
916 4525 1144 4605 controversia,
1174 4545 1268 4607 quam

1056 4647 1071 4700 1
