3050 5084
733 674 840 760 Caput
864 675 938 740 Vll.

249 807 340 897 Quas
364 807 510 888 regulas
534 805 812 874 inadtribeudis
847 806 1003 889 singulis
1028 806 1269 873 clausularum
1295 805 1440 871 formis

638 926 782 995 secutus
806 928 858 995 sit
881 927 1035 994 Plinius.

355 1073 417 1139 Ubi
441 1071 482 1137 de
506 1071 600 1158 copia
625 1072 838 1138 clausularum
860 1070 1104 1156 disputavimus,
1129 1073 1237 1138 statim
1261 1091 1437 1137 movemur

248 1180 445 1264 quaestione,
470 1178 628 1262 quomodo
652 1179 774 1244 Plinius
805 1180 948 1263 singulas
976 1180 1100 1262 figuras
1124 1179 1323 1261 tractaverit,
1362 1199 1434 1243 cur·

226 1266 229 1275 ’
248 1307 342 1355 66666
366 1286 579 1372 periodorum,
597 1286 750 1352 orationis
766 1306 878 1369 genus,
900 1286 980 1350 talia
996 1289 1028 1350 in
1045 1286 1209 1369 fingendis
1225 1306 1433 1351 numerorum

248 1395 359 1459 formis
383 1395 517 1459 alicuius
540 1394 661 1458 fuerint
693 1393 853 1459 momenti.
900 1395 950 1458 De
975 1393 1115 1478 periodis
1146 1393 1327 1475 dicendum,
1363 1394 1432 1458 Pli-

248 1503 334 1567 nium
359 1503 497 1586 saepius,
521 1502 576 1565 ubi
593 1500 758 1586 complura
783 1500 960 1566 minuscula
987 1501 1059 1565 oola
1086 1500 1238 1586 deinceps
1262 1508 1430 1583 secuntur,

248 1608 408 1675 studuisse
430 1609 510 1674 haec
527 1609 670 1675 clausula
690 1608 990 1674 cretico-trochaica
1006 1609 1055 1674 vel
1075 1608 1231 1674 dicretica
1250 1609 1342 1692 quasi
1363 1611 1431 1674 vin-

250 1717 321 1781 culo
339 1718 542 1799 coniungere.
580 1716 736 1782 Oonferas
753 1724 881 1800 praeter
898 1717 1045 1800 exempla
1066 1718 1091 1781 I.
1118 1717 1189 1781 libri
1214 1738 1309 1801 supra
1334 1717 1429 1782 exbi-

249 1825 317 1888 bita
330 1845 361 1907 p.
378 1823 451 1905 109,
464 1824 629 1905 20-110,
645 1825 672 1897 1,
697 1822 752 1889 ubi
769 1842 825 1888 sex
843 1824 985 1888 versibus
1002 1831 1115 1905 quater·
1133 1822 1285 1908 deinceps
1303 1823 1429 1888 claudit

249 1930 431 2011 dicreticus,
466 1951 496 2014 p.
513 1931 812 2012 110,21-111,2,
841 1931 896 1996 ubi
920 1929 1032 1994 eadem
1063 1930 1205 1995 clausula
1235 1929 1427 2014 quinquiens

212 2094 215 2098 ,
249 2036 416 2120 reperitur.
443 2037 678 2101 6126166611
695 2042 798 2102 totum
814 2038 949 2102 notabo:
978 2039 1127 2122 „Pratum
1149 2037 1225 2102 inde
1241 2058 1304 2102 non
1320 2038 1427 2103 minus

249 2150 365 2209 natura
381 2164 476 2226 quam
489 2145 652 2227 superiore
668 2143 724 2209 illa
741 2152 814 2210 urta
830 2147 1018 2210 uisendum:
1035 2171 1054 2209 ,ν
1065 2173 1111 2214 es
1125 2169 1146 2208 ι
1156 2198 1174 2212 Ν
1188 2146 1293 2229 campi
1306 2144 1425 2210 deinde

249 2270 343 2334 porro
367 2250 530 2333 multaque
554 2240 628 2314 alia
641 2258 805 2335 prutusst
828 2254 969 2316 arbusto
987 2277 1127 2321 rexne
1174 2273 1194 2315 a
1223 2251 1329 2336 capite
1353 2273 1424 2335 por-

250 2358 724 2426 11666111611616616666661611
750 2382 896 2428 1611..
944 2358 1047 2422 661616
1074 2368 1202 2442 xystum
1226 2358 1425 2424 desinentem

251 2469 284 2528 et
307 2464 451 2547 protinus
475 2470 602 2547 pratum
625 2465 822 2547 multumque
846 2464 928 2530 ruris
953 2465 1052 2547 videt,
1081 2465 1232 2532 fenestris
1255 2466 1317 2530 hac
1341 2467 1425 2533 latus

248 2571 335 2655 xysti
359 2576 392 2635 61
415 2570 500 2653 quod
525 2572 649 2655 prosilit
673 2571 780 2653 villae,
804 2571 867 2637 hac
883 2572 1062 2638 adiacentis
1086 2562 1290 2657 hippodromi
1314 2594 1424 2640 nemus

250 2699 423 2763 comasque
451 2686 648 2764 prospectat
671 2707 806 2750 aasz„
865 2687 975 2744 contra
1005 2679 1144 2744 mediam
1177 2681 1243 2745 fere
1268 2682 1422 2765 porticum

249 2784 358 2850 diaeta
381 2785 510 2868 paulum
534 2785 666 2868 recedit,
692 2786 793 2869 cingit
817 2787 968 2868 areolam,
994 2807 1076 2868 quae
1100 2794 1250 2869 quattuor
1273 2789 1424 2874 plutonis

146 2958 149 2965 k
248 2893 463 2957 inumbratur
489 2890 673 2962 conns(
720 2892 848 2958 Similes
881 2894 942 2959 loci
977 2894 1126 2976 leguntur
1156 2915 1187 2979 p.
1205 2894 1422 2977 rcum-21,

249 2999 324 3074 334,
341 2999 480 3082 13-24,
514 2999 590 3080 351,
606 2999 747 3082 19-26,
781 3001 1011 3082 stoma-30.
1060 3000 1223 3065 interdum
1248 3006 1353 3066 autem
1378 3000 1423 3066 di·

249 3105 434 3170 trochaeum
474 3126 600 3188 quoque
639 3106 700 3171 hoo
739 3106 834 3187 modo
874 3108 1094 3171 continuatum
1134 3109 1296 3188 invenies,
1336 3108 1422 3173 66161

249 3234 281 3296 p.
296 3213 369 3295 123,
386 3214 504 3294 7--10,
529 3214 672 3295 331,28.
720 3212 787 3279 Sed
816 3215 945 3300 saepius
974 3215 1035 3280 hac
1060 3214 1203 3279 61666616
1228 3215 1422 3280 extensiores

250 3318 399 3403 periodos
422 3318 464 3384 ad
493 3320 591 3385 finem
625 3320 803 3405 perducere
835 3322 916 3387 solet
940 3322 1072 3403 Plinius,
1108 3342 1168 3386 nec
1203 3323 1316 3386 mirum
1350 3344 1419 3406 gra·

251 3426 341 3490 viora
365 3427 436 3491 cola
465 3425 648 3509 lenioribus,
684 3427 806 3492 leniora
833 3428 970 3493 invicem
999 3428 1200 3510 gravioribus
1228 3428 1334 3494 claudi
1368 3450 1420 3494 nu·
1504 3430 1511 3439 '

249 3533 353 3599 meris,
401 3531 467 3597 Sed
496 3552 575 3597 cave
610 3533 723 3599 credas
747 3534 884 3598 Plinium
908 3534 992 3599 hano
1016 3535 1121 3618 legem
1145 3557 1245 3618 usque
1279 3543 1418 3601 secutum
1507 3524 1511 3533 ⁴

250 3659 329 3721 esse,
348 3659 457 3704 verum
474 3638 593 3704 similes
609 3639 733 3723 periodi
747 3641 865 3725 passim
883 3640 1019 3706 diversis
1037 3642 1187 3709 clausulis
1203 3646 1417 3709 terminantur.

249 3748 319 3814 Nec
342 3748 446 3830 magis
470 3747 566 3812 certis
589 3746 743 3813 orationis
778 3747 857 3813 locis
893 3748 980 3814 velut
1005 3756 1147 3815 extremo
1172 3751 1347 3815 litterarum
1371 3751 1417 3815 vel

249 3855 450 3938 gravioribus
474 3855 664 3941 panegyrici
688 3855 896 3922 incisionibus
920 3863 1025 3922 certas
1049 3864 1225 3922 structuras
1249 3860 1418 3923 1666166611

249 3969 374 4044 auctor3
409 3970 457 4029 est
481 3964 535 4030 ubi
559 3965 725 4029 enuntiata
753 3963 934 4028 huiusmodi
965 3965 1043 4029 locis
1073 3966 1178 4049 posita
1210 3964 1337 4029 omuino
1359 3986 1416 4030 non

249 4090 415 4135 numerose
439 4070 568 4153 cadant,
593 4070 750 4153 velutlll,
767 4072 817 4152 ll,
843 4072 902 4153 ΙΙΙ,
918 4072 967 4152 18,
993 4073 1049 4154 IV,
1060 4073 1113 4152 20,
1139 4072 1259 4154 vl,24,
1284 4072 1355 4153 Vll,
1371 4074 1414 4137 11.

356 4178 467 4241 ΑΙ1616
484 4176 524 4241 de
541 4196 659 4260 genere
675 4177 805 4243 dicendi
822 4180 967 4260 quaestio
985 4180 1016 4241 in
1033 4180 1186 4263 epistulas
1203 4178 1302 4244 cadit.
1340 4180 1415 4245 Nam

251 4285 311 4349 hae
335 4305 398 4348 non
430 4291 464 4348 ut
497 4286 712 4369 panegyricus
739 4305 802 4350 uno
836 4297 946 4351 tenore
981 4286 1191 4370 conscriptae,
1226 4286 1282 4352 scd
1316 4287 1414 4354 multis

250 4411 290 4455 ex
323 4389 468 4474 partibus
501 4388 636 4456 diversis
670 4392 865 4475 temporibus
889 4412 927 4457 ac
960 4392 1075 4458 studiis
1108 4392 1304 4479 compositae
1338 4400 1413 4476 sunt,

248 4517 309 4561 nec
344 4495 493 4578 dubium,
537 4497 612 4579 quin
653 4499 800 4582 singulae
843 4500 1001 4584 epistulae
1037 4502 1216 4584 argumenti
1248 4501 1410 4583 gravitate,
