3050 5084
753 262 927 353 -12-

360 479 390 544 8.
438 480 604 562 Reliqua
628 479 673 544 de
697 480 887 546 clausulis
911 479 1144 546 testimonia.
1184 480 1320 547 Restant
1337 501 1422 564 prae-

254 593 342 651 terea
365 587 518 651 nonnulla
542 587 688 652 breviora
712 586 753 651 de
778 588 930 653 clausulis
955 587 1138 653 testimonia
1168 589 1298 654 minoris
1321 589 1423 672 pretii.

362 695 393 775 1)
419 694 491 759 Keil
501 693 555 775 VI,
574 716 604 777 p.
622 694 746 775 62ll‘28
765 693 867 758 edidit
880 694 1095 778 fragmentum
1114 696 1316 776 Bobiense,
1342 695 1422 776 quod

253 799 694 879 inscribiturdestructura,
719 821 846 883 quoque
871 802 995 883 aliquot
1019 809 1242 866 enumerantur
1273 802 1425 886 composi-

253 903 365 967 tiones.
403 903 522 967 Auctor
546 902 909 985 SacerdotemlProbum
933 910 1061 969 secutus
1083 923 1152 969 esse
1177 903 1314 986 videtur,
1339 905 1426 968 cuius

253 1008 403 1073 nonnulla
428 1011 594 1074 enuntiata
619 1011 811 1075 verbotenus
835 1009 944 1075 adfert
969 1013 1012 1094 (p.
1038 1011 1160 1091 628,34
1184 1014 1276 1093 sqq),
1302 1011 1361 1075 etsi
1387 1010 1426 1074 de

253 1115 368 1199 figuris
393 1116 604 1181 clausularum
630 1117 671 1183 ab
695 1118 749 1181 illo
775 1116 947 1201 discrepat.

360 1224 394 1303 2)
419 1223 491 1288 Keil
516 1225 570 1304 Vl,
595 1225 772 1289 son-578
801 1223 904 1289 edidit
933 1224 1071 1290 Rufini
1103 1226 1363 1290 commentarium
1388 1225 1427 1289 de

253 1350 384 1395 numero
408 1332 546 1396 oratorio
572 1332 624 1405 ubi
642 1330 828 1396 adferuntur
853 1333 1036 1397 testimonia
1059 1332 1228 1397 multorum
1252 1340 1427 1413 auctorum,

254 1438 408 1522 imprimis
432 1437 604 1503 Ciceronis
653 1437 717 1503 Sed
743 1440 850 1502 omnia
873 1438 928 1503 illa
952 1439 1099 1522 frustula,
1123 1459 1161 1504 ea
1185 1459 1322 1522 quoque,
1347 1459 1429 1521 qnae

253 1543 321 1609 solo
346 1566 365 1608 a
388 1544 507 1608 Rufino
532 1546 624 1609 nobis
647 1544 769 1609 tradita
792 1552 877 1627 sunt,
902 1547 1032 1610 minoris
1056 1553 1129 1611 sunt
1153 1548 1313 1629 momenti,
1344 1547 1429 1630 quod

254 1651 372 1734 exigua
395 1659 468 1716 sunt
498 1658 530 1716 et
562 1652 700 1736 abrupta
734 1672 837 1734 neque
862 1654 907 1716 ita
931 1653 1100 1718 scientiam
1137 1662 1276 1737 nostram
1300 1661 1428 1737 augent.

361 1760 394 1837 3)
419 1758 473 1824 Gr.
487 1759 524 1823 L.
540 1760 594 1839 lV,
618 1761 695 1841 443,
720 1761 872 1825 tract-atui
892 1759 937 1833 illi
956 1760 1062 1839 Probi,
1087 1760 1127 1825 de
1145 1781 1207 1843 quo
1224 1763 1286 1844 egi,
1311 1782 1426 1846 appen-

254 1865 336 1930 dicis
361 1867 451 1948 quasi
476 1866 546 1930 loco
571 1865 724 1931 adiuncta
740 1874 789 1932 est
806 1868 905 1949 longa
929 1867 1140 1932 clausularum
1159 1869 1258 1934 series
1275 1867 1429 1953 exemplis

253 1972 423 2039 illustrata.
484 1973 551 2039 Has
591 1981 778 2056 structuras,
817 1975 948 2059 propius
980 1995 1051 2039 cum
1091 1976 1291 2059 inspicerem,
1331 1975 1429 2039 nihil

254 2079 363 2144 aliud
408 2100 495 2145 esse
542 2083 677 2166 reperi
725 2083 800 2146 nisi
846 2084 1149 2148 commentarius
1199 2084 1274 2148 ille
1314 2083 1431 2148 Caesi

255 2187 383 2269 Bassi,
415 2207 486 2270 quo
515 2186 560 2252 de
584 2209 697 2273 supra
721 2188 907 2269 disserui,
942 2191 980 2253 in
1011 2197 1226 2273 angustum
1256 2197 1430 2255 coactus.

253 2294 410 2379 Exempla
442 2314 519 2360 sane
554 2294 660 2359 omnia
689 2303 812 2359 mutata
848 2305 931 2378 sunt,
970 2295 1049 2360 ordo
1080 2297 1238 2361 interdum
1273 2299 1430 2378 turbatus,

254 2401 487 2482 nonnullasque
518 2401 680 2466 clausulae
720 2403 857 2466 omissae
887 2409 969 2472 sunt„
1029 2402 1093 2468 Sed
1131 2423 1171 2468 cx
1200 2404 1432 2488 compositione

254 2507 450 2591 singulorum
467 2528 618 2591 generum
636 2516 864 2574 structurarum
883 2511 1087 2575 summarium
1103 2511 1208 2576 Caesii
1228 2513 1433 2595 cognoscitur

255 2614 515 2680 luculentissime.

361 2724 394 2802 4)
421 2722 536 2787 Cetera
560 2742 642 2805 quae
666 2730 789 2789 restant
813 2725 1006 2805 testimonia,
1032 2725 1113 2789 haec
1136 2732 1225 2789 sunt:

362 2832 395 2908 a)
420 2829 637 2914 Pompeius,
663 2832 832 2894 commenti
850 2833 929 2895 artis
946 2832 1064 2896 Donati
1083 2853 1113 2916 p.
1129 2833 1250 2913 29420
1268 2833 1335 2913 (Cr.
1348 2833 1433 2913 ΙΝ)

256 2937 385 3025 scribit:
413 2937 623 3020 „Plerumque
646 2945 778 3022 propter
802 2923 961 3003 clausulas
986 2939 1047 3003 boc
1063 2939 1188 3004 iaciunt
1213 2938 1433 3005 scholastici“.

257 3040 383 3108 Deinde
407 3064 438 3127 p.
463 3045 572 3126 295,3.
633 3044 899 3130 ,Cacosyndetou
924 3052 972 3111 cst
995 3084 1038 3091 —-
1063 3053 1095 3111 et
1119 3048 1179 3112 hoc
1195 3053 1326 3131 propter
1350 3048 1435 3112 clau·

257 3151 345 3214 sulas
368 3149 537 3215 facimus“.
574 3152 745 3236 Pompeius
769 3154 943 3217 clausulam
969 3153 1158 3218 dicreticam
1183 3154 1347 3220 Ciceronis
1370 3175 1435 3218 non

258 3258 420 3340 cognovit,
445 3257 529 3339 quod
554 3260 660 3323 elucet
684 3279 724 3324 ex
747 3260 906 3343 exemplo,
947 3259 1031 3342 quod
1056 3261 1173 3324 attulit.
1220 3261 1303 3327 Nam
1335 3262 1437 3325 verba

260 3384 395 3450 ,nomen
421 3367 610 3449 opponitur“
638 3386 701 3430 non
726 3368 828 3431 minus
853 3388 948 3448 quam
964 3368 1065 3431 verba
1093 3367 1313 3452 ,imperatoris
1337 3388 1437 3452 oppo-

256 3473 360 3536 nitur“
388 3474 477 3536 illum
505 3472 667 3556 effingunt
701 3493 875 3552 numerum,
911 3481 1147 3557 proptereaque
1177 3474 1233 3538 illa
1262 3476 1436 3558 transposi-

257 3579 344 3643 tione
377 3579 520 3644 clausula
555 3599 617 3643 non
651 3585 804 3659 mutatur,
840 3581 866 3643 si
903 3579 1030 3661 quidem
1067 3581 1234 3665 pristinam
1271 3580 1438 3646 Ciceronis

258 3692 359 3751 artem
383 3688 555 3768 sequimur.

364 3794 398 3872 b)
422 3793 499 3858 Cum
536 3792 597 3858 hoc
631 3793 889 3877 coniungendum
925 3802 984 3877 est,
1022 3795 1107 3877 quod
1143 3797 1174 3859 in
1210 3796 1437 3877 fragmento

259 3901 451 3983 Beroensi
469 3901 537 3981 (Gr.
551 3902 600 3977 L.⁷
618 3901 730 3986 Suppl.
750 3902 891 3981 XXXV)
908 3902 1037 3984 legitur,
1055 3904 1129 3984 quia
1148 3903 1226 3966 baec
1244 3904 1343 3967 verba
1359 3905 1437 3966 item

257 4028 296 4072 ac
313 4007 447 4091 Pompei
472 4029 512 4073 ex
532 4010 658 4074 Donato
683 4010 734 4074 vel
752 4010 873 4073 Donati
896 4010 975 4074 artis
991 4009 1220 4073 commentario
1245 4007 1438 4094 deprompta

258 4114 537 4198 essevidentur1),
562 4116 700 4181 scilicet:
727 4116 898 4200 „Clausula
912 4115 987 4197 quid
1000 4115 1090 4180 est?“
1130 4116 1346 4200 ,Compositio
1367 4137 1438 4181 ver-

257 4222 367 4286 borum
392 4242 469 4287 sono
494 4223 655 4306 plausibili
679 4230 841 4288 structura
866 4224 953 4286 exitu
978 4220 1179 4288 terminata.“

366 4363 392 4424 1>
422 4363 529 4416 Paucis
562 4364 640 4416 enirn
671 4364 811 4416 versibus
842 4369 910 4431 post
942 4363 1054 4417 Donati
1087 4380 1197 4417 nomen
1230 4365 1275 4417 bis
1307 4380 1436 4418 commc-

260 4455 401 4503 moratur.
