3050 5084
600 266 777 323 ..53-

102 444 328 515 Ciceronianae
352 470 415 513 ncn
431 468 503 514 raro
527 454 592 514 tres
609 451 659 517 vel
684 455 834 533 quattuor
851 449 1028 517 excessisse
1049 469 1155 534 voces,
1181 449 1277 516 facile

102 556 326 641 intellegimus,
356 557 430 622 fieri
454 578 558 642 posse,
593 564 626 622 ut
650 559 759 643 priora
783 559 891 640 verba,
928 560 955 624 si
978 560 1206 642 grammaticas
1231 580 1276 624 re-

69 722 71 726 ,
101 664 194 747 gulas
218 666 414 749 respicimus,
444 682 514 729 cum
531 662 796 731 antecedentibus
820 666 926 730 verbis
950 667 1069 732 arctius
1086 687 1180 749 quam
1206 687 1277 732 cum

102 773 308 855 sequentibus
332 773 526 838 cohaereant
559 780 590 837 et
613 780 786 859 prepterea
816 774 847 838 in
873 773 1070 839 editionibus
1094 775 1158 840 leui
1181 777 1277 840 inter-

101 879 283 963 punctionis
306 889 382 945 ncta
399 882 614 949 secludantur.
652 883 719 945 lam
744 883 771 946 si
795 882 954 948 clausulas
980 889 1011 947 et
1035 882 1173 958 tabulas,
1198 903 1277 964 quas

60 1074 62 1077 Ι
102 989 263 1072 proposui,
298 991 482 1073 perspicies,
516 989 548 1053 in
573 989 669 1083 Keilii
694 989 836 1054 editione
868 989 954 1054 haud
978 992 1128 1072 exiguam
1153 998 1276 1075 partem

102 1095 314 1161 clausularum
339 1096 393 1160 tali
423 1097 680 1180 interpunctione
715 1096 859 1181 direptas
893 1116 961 1162 esse
996 1082 1145 1181 reperies.
1194 1097 1277 1175 Quin

102 1223 291 1285 unaquaque
314 1206 383 1273 iere
409 1206 536 1288 pagina
560 1204 620 1269 hoc
645 1206 702 1270 tihi
727 1212 883 1270 occurret.
930 1205 1091 1271 Nonnulla
1114 1188 1276 1289 proteram

102 1312 264 1395 exempla:
978 1315 980 1320 ’

262 1418 390 1502 352,13,
407 1418 607 1502 abundeque,
632 1420 658 1484 si
683 1441 744 1485 non
770 1418 863 1485 nocet
972 1451 1115 1490 actaea.
1206 1479 1208 1482 .

262 1527 379 1609 353,st
394 1527 521 1606 dicam,
546 1547 701 1609 sequaces
725 1547 833 1594 sumus

262 1634 382 1716 359,13
407 1653 487 1715 esse,
513 1636 565 1718 qui
590 1641 622 1699 te
646 1634 735 1699 dedit

262 1742 379 1824 365,ll
406 1742 517 1824 luisse,
540 1741 596 1806 sed
621 1741 738 1808 diceris

262 1849 579 1932 maestissima
607 1855 759 1914 revocent

262 1957 360 2038 374,3
407 1957 579 2041 principes,
603 1957 663 2021 nisi
689 1977 767 2038 quos
786 1955 910 2021 odimus
945 1989 1118 2044 abactas,

262 2064 360 2146 378&
407 2065 851 2147 reprimebatur,exarsimus
919 2096 944 2115 κ
967 2074 1113 2133 abacos.

208 2171 373 2237 Neminem
400 2178 476 2254 puto
500 2169 658 2251 dubitare,
695 2172 771 2253 quin
794 2171 875 2235 haec
900 2171 1047 2256 exempla
1076 2171 1156 2252 illas,
1194 2191 1273 2254 quas

48 2262 52 2267 ¹
101 2277 336 2361 adscripserim,
354 2277 501 2342 efficiant
519 2279 688 2342 clausulas.
729 2279 763 2341 P.
782 2279 858 2358 260,
875 2280 915 2342 10
933 2281 1046 2344 uerba:
1068 2277 1163 2363 ,quid
1180 2278 1272 2361 agis?

100 2383 177 2467 quid
202 2389 330 2449 acturus
354 2382 433 2449 es“?
458 2385 510 2448 vel
543 2385 691 2467 graviore
726 2385 981 2469 interpunctione
1015 2387 1158 2451 seiuncta
1188 2392 1272 2466 sunt,

100 2512 292 2575 quamquam
318 2493 460 2557 clausula
483 2524 635 2559 actaea
652 2492 727 2556 :O
752 2493 784 2556 in
809 2513 903 2556 cunum
929 2513 967 2557 ea
991 2493 1118 2575 redigat
1148 2512 1272 2575 corpus

99 2601 170 2683 Ego
194 2600 399 2665 falsissimum
424 2600 634 2664 clausularum
660 2619 757 2664 voces
783 2599 843 2663 hoc
861 2599 956 2664 modo
981 2599 1133 2664 divellere
1153 2620 1274 2664 omnes·

101 2728 162 2789 que
187 2706 364 2785 huiusmodi
389 2708 662 2790 interpunctiones
687 2727 727 2770 ex
752 2707 841 2771 libris
864 2706 1075 2772 removendas
1102 2727 1171 2772 esse
1203 2726 1272 2771 cen·

100 2836 164 2881 sec.
212 2817 279 2879 lam
304 2815 365 2880 hoc
389 2814 483 2879 modo
508 2814 738 2897 grammaticae
762 2822 942 2879 structurae
964 2813 1058 2879 nimis
1079 2815 1143 2878 vim
1160 2813 1273 2878 afferri

99 2924 225 3007 putanti
250 2921 455 3004 cogitandum
480 2929 539 3004 est,
575 2928 674 2986 totam
697 2943 898 2986 numerorum
922 2922 1076 2986 rationem
1094 2906 1218 2986 novum
1242 2927 1273 2984 et

100 3029 293 3097 luculentum
318 3029 410 3093 nobis
433 3029 620 3113 praebuisse
649 3029 884 3111 documentum,
921 3036 1046 3094 veteres
1078 3028 1272 3093 indicendo

100 3145 132 3202 et
156 3138 283 3202 omnino
307 3138 339 3200 in
363 3156 508 3201 sermone
533 3134 675 3220 pedestri
699 3143 841 3218 exterae,
879 3143 913 3200 ut
936 3137 982 3200 ita
1012 3135 1128 3218 dicam,
1154 3136 1272 3220 speciei

100 3251 131 3309 et
164 3245 287 3308 formae
320 3244 418 3308 multe
454 3243 524 3328 plus
558 3244 726 3325 tribuisse,
760 3230 822 3307 non
857 3245 957 3308 solum
991 3263 1085 3325 quam
1130 3263 1187 3308 nos
1227 3242 1273 3307 illi

100 3371 183 3415 nunc
207 3352 381 3433 tribuimus,
419 3351 476 3415 sed
501 3352 598 3415 etiarn
623 3371 716 3432 quam
741 3359 868 3416 veteres
891 3370 1029 3432 unquam
1053 3350 1099 3414 illi
1124 3349 1291 3415 tribuisse-

100 3465 335 3543 putaveramus.

207 3672 364 3756 Vidimus,
401 3680 553 3755 quantum
581 3673 732 3757 ponderis
761 3674 847 3758 apud
877 3673 1016 3737 Plinium
1043 3672 1192 3737 habuerit
1221 3691 1275 3735 nu-

99 3802 204 3847 merus
236 3801 295 3845 nec
329 3783 391 3846 iam
425 3782 574 3847 miramur
606 3783 879 3865 perseverantiam
914 3787 945 3845 ct
978 3780 1123 3865 plausus,
1159 3779 1275 3861 quibus

99 3896 225 3954 veteres
258 3888 429 3953 honorasse
463 3895 605 3953 oratores
643 3908 717 3954 suos
750 3889 842 3952 nobis
875 3887 1026 3952 traditum
1060 3894 1118 3952 est.
1174 3885 1273 3951 Cuius

99 3998 144 4061 rei
178 4016 307 4061 causam
336 3998 394 4060 etsi
428 4017 546 4079 magna
581 4017 622 4060 ex
656 4003 748 4079 parte
783 3995 911 4060 vividae
945 3994 1191 4058 meridianorum
1220 4013 1275 4078 po-

98 4103 244 4187 pulorum
280 4103 392 4168 tribuis
433 4102 552 4184 indoli,
591 4110 697 4167 tamen
734 4123 796 4166 non
832 4103 935 4166 minus
974 4102 1044 4180 his,
1086 4100 1126 4164 de
1161 4099 1274 4182 quibus

100 4212 162 4293 egi,
196 4209 334 4275 numeris
370 4210 552 4294 imputabis.
609 4211 683 4293 Ipse
715 4209 827 4275 Cicero
861 4208 922 4273 hoc
955 4213 1091 4274 testatur
1124 4206 1165 4271 de
1197 4206 1274 4272 Ora·

100 4316 179 4381 toris
211 4316 284 4380 libri
308 4316 366 4380 Ill.
393 4316 504 4398 stab,
541 4318 630 4381 euius
666 4317 765 4381 verba
800 4316 883 4381 hanc
918 4315 1176 4381 dissertationem
1210 4315 1274 4378 iam

100 4422 141 4488 ad
176 4422 273 4487 linem
309 4423 499 4509 perducant:
540 4424 642 4509 ,Illud
678 4429 793 4489 autem
819 4444 859 4488 ne
893 4425 1059 4507 quisquam
1089 4421 1274 4504 admiretur,

1471 768 1521 961 l?

1474 964 1492 1067 l
