3050 5084
655 1193 890 1278 Thesea

301 1448 332 1526 1)
359 1437 464 1511 Verba
499 1446 662 1510 Plutarchi
696 1446 803 1524 (Vitae
837 1447 984 1510 Caesaris
1019 1467 1090 1531 cap.
1123 1449 1197 1527 tm:
1236 1449 1364 1526 „lebret
1441 1441 1470 1532 f

191 1569 293 1632 φησιν
316 1555 469 1618 Πολλίων
493 1553 653 1630 Ἀσίννιος
677 1554 715 1617 τὰ
740 1554 864 1631 ῥήματα
886 1556 1051 1631 Ῥώμαιςτι
1082 1557 1139 1632 μὲν
1163 1555 1362 1634 ἀναφθέγξα-
1441 1595 1469 1644 3

192 1666 266 1724 σθαι
288 1662 346 1725 τὸν
364 1662 506 1739 Καίσαρα
522 1662 608 1738 παρὰ
632 1663 704 1724 τότε
728 1663 785 1724 τὸν
802 1663 923 1742 καιρὸν,
940 1662 1120 1738 Ἑλληνιστὶ
1144 1665 1179 1725 δὲ
1203 1664 1246 1726 ὑπ
1263 1663 1362 1726 αὐτοῦ

190 1769 402 1851 γεγράφθαιίι,
438 1770 484 1833 ita
519 1767 719 1833 emendanda
755 1774 837 1849 suut,
874 1776 907 1831 ut
943 1768 1096 1833 adverbia
1126 1768 1295 1848 ‘Pmpororl
1331 1776 1363 1834 ct

190 1875 371 1953 Ἑλληνιστὶ
397 1883 638 1940 commutentur.

298 1984 331 2062 2)
357 1984 517 2069 luvenalis
546 1984 633 2047 vocis
669 1981 767 2066 „tibr‘
794 1983 951 2065 syllabam
986 1945 1127 2047 ultimam
1162 1990 1227 2047 tum
1261 1985 1360 2048 solum

1461 1541 1468 1592 ν’

189 2089 347 2173 producit,
373 2110 444 2154 cum
461 2090 587 2175 syllaba
603 2110 739 2172 sequens
756 2091 853 2172 longa
878 2096 925 2154 est
950 2097 982 2154 et
1009 2110 1077 2154 eum
1105 2090 1166 2181 illa
1184 2089 1362 2174 spondeum
1443 2135 1451 2172 -:

191 2196 331 2279 effingit.

297 2304 330 2383 3)
355 2303 537 2368 Cassiodori
562 2305 661 2368 verba
695 2306 785 2383 (lust.
818 2303 882 2367 div.
914 2323 985 2386 cap.
1014 2304 1077 2384 15),
1114 2324 1196 2386 quae
1229 2304 1361 2369 Nordcu

191 2410 326 2491 (Antike
352 2410 560 2494 Kunstprosa,
593 2412 633 2492 ll,
668 2411 733 2475 929
758 2410 832 2474 adn.
858 2412 891 2491 2)
916 2411 1075 2495 proponit,
1109 2410 1205 2475 facile
1238 2412 1361 2477 intelle·
1390 2478 1393 2481 ,
1437 2474 1457 2508 =.

188 2525 315 2602 guntur,
340 2518 367 2582 si
391 2538 498 2582 veram
523 2538 688 2583 servamus
711 2518 882 2582 lectionem
899 2518 984 2582 Keili
1003 2519 1068 2597 (Gr.
1087 2519 1124 2581 il.
1145 2519 1215 2599 Vll,
1234 2520 1359 2601 2ll‚l):
1457 2567 1460 2570 -

191 2628 247 2712 „lu
273 2646 367 2710 prosa
392 2633 488 2710 eaput
513 2647 623 2691 versus
655 2626 773 2691 heroici
804 2627 965 2708 finemque
997 2647 1059 2690 uon
1084 2627 1237 2708 corrigas,
1272 2628 1360 2708 quin·

189 2753 250 2816 que
274 2734 386 2815 longas
404 2732 599 2814 totidemque
617 2734 729 2797 breves
745 2753 808 2796 non
825 2732 945 2797 audeas
962 2733 1152 2817 improbare,
1175 2732 1360 2799 trochaeum
1445 2770 1448 2773 ·

188 2841 345 2926 triplicem
370 2839 540 2905 landabilis
564 2841 729 2927 neglectus
746 2839 954 2905 abscondat.“

294 2951 327 3028 4)
354 2948 435 3011 Plini
460 2948 617 3032 epistulae
640 2968 742 3011 nonae
768 2947 839 3011 libri
864 2948 957 3030 primi
979 2950 1185 3032 scripturam:
1214 2954 1360 3031 „ourrcta-
1464 3001 1465 3004 ,

188 3075 249 3137 que
273 3076 335 3120 non
359 3060 515 3137 constet“‚
541 3075 635 3136 quam
660 3055 745 3119 Keili
771 3053 869 3119 editio
893 3055 1024 3119 exbibet
1049 3056 1160 3137 minor,
1185 3056 1230 3118 ila
1255 3075 1358 3118 serra·
1468 3109 1470 3112 .

187 3164 302 3244 verim,
343 3171 376 3226 ut
415 3162 545 3245 aliquod
582 3163 727 3245 verbum,
765 3163 852 3227 velut
890 3161 1059 3246 „vacillat‘
1098 3160 1358 3246 praeponendum

188 3289 346 3334 censeam.
