<?xml version="1.0" encoding="UTF-8"?>
<!DOCTYPE html PUBLIC "-//W3C//DTD XHTML 1.0 Transitional//EN"
    "http://www.w3.org/TR/xhtml1/DTD/xhtml1-transitional.dtd">
<html xmlns="http://www.w3.org/1999/xhtml" xml:lang="en" lang="en">
 <head>
  <title>
</title>
<meta http-equiv="Content-Type" content="text/html;charset=utf-8" />
  <meta name='ocr-system' content='tesseract 3.04.00' />
  <meta name='ocr-capabilities' content='ocr_page ocr_carea ocr_par ocr_line ocrx_word'/>
</head>
<body>
  <div class='ocr_page' id='page_1' title='image "./declavsvlisccae00fiscgoog_0057.png"; bbox 0 0 3050 5084; ppageno 0'>
   <div class='ocr_carea' id='block_1_1' title="bbox 639 321 815 376">
    <p class='ocr_par' dir='ltr' id='par_1_1' title="bbox 639 321 815 376">
     <span class='ocr_line' id='line_1_1' title="bbox 639 321 815 376; baseline 0.006 -17"><span class='ocrx_word' id='word_1_1' title='bbox 639 321 815 376; x_wconf 54' lang='lat'><strong>-45-</strong></span> 
     </span>
    </p>
   </div>
   <div class='ocr_carea' id='block_1_2' title="bbox 90 498 1315 1016">
    <p class='ocr_par' dir='ltr' id='par_1_2' title="bbox 90 498 1315 1016">
     <span class='ocr_line' id='line_1_2' title="bbox 90 498 1315 593; baseline 0.003 -27"><span class='ocrx_word' id='word_1_2' title='bbox 90 498 316 582; x_wconf 79' lang='lat' dir='ltr'><strong>continent,</strong></span> <span class='ocrx_word' id='word_1_3' title='bbox 352 519 415 565; x_wconf 91' lang='lat' dir='ltr'><strong>non</strong></span> <span class='ocrx_word' id='word_1_4' title='bbox 450 500 553 566; x_wconf 89' lang='lat' dir='ltr'><strong>minus</strong></span> <span class='ocrx_word' id='word_1_5' title='bbox 576 501 639 566; x_wconf 82' lang='lat'><strong>561</strong></span> <span class='ocrx_word' id='word_1_6' title='bbox 666 501 855 593; x_wconf 83' lang='lat' dir='ltr'><strong>efficiuntur</strong></span> <span class='ocrx_word' id='word_1_7' title='bbox 878 503 968 569; x_wconf 91' lang='lat' dir='ltr'><strong>verbi</strong></span> <span class='ocrx_word' id='word_1_8' title='bbox 992 501 1101 586; x_wconf 89' lang='lat' dir='ltr'><strong>aliqua</strong></span> <span class='ocrx_word' id='word_1_9' title='bbox 1134 505 1247 588; x_wconf 84' lang='lat' dir='ltr'><strong>forma,</strong></span> <span class='ocrx_word' id='word_1_10' title='bbox 1281 504 1315 570; x_wconf 94' lang='lat' dir='ltr'><strong>id</strong></span> 
     </span>
     <span class='ocr_line' id='line_1_3' title="bbox 92 608 1315 700; baseline 0.003 -26"><span class='ocrx_word' id='word_1_11' title='bbox 92 617 179 691; x_wconf 81' lang='lat' dir='ltr'><strong>est,</strong></span> <span class='ocrx_word' id='word_1_12' title='bbox 200 608 292 673; x_wconf 83' lang='lat' dir='ltr'><strong>fere</strong></span> <span class='ocrx_word' id='word_1_13' title='bbox 315 608 499 693; x_wconf 81' lang='lat' dir='ltr'>septuagies</span> <span class='ocrx_word' id='word_1_14' title='bbox 522 609 555 700; x_wconf 90' lang='lat' dir='ltr'><strong>in</strong></span> <span class='ocrx_word' id='word_1_15' title='bbox 579 610 721 675; x_wconf 77' lang='lat' dir='ltr'><strong>centenis</strong></span> <span class='ocrx_word' id='word_1_16' title='bbox 745 611 921 693; x_wconf 70' lang='lat' dir='ltr'><strong>(=&#39;lO⁰l0).</strong></span> <span class='ocrx_word' id='word_1_17' title='bbox 969 612 1006 675; x_wconf 92' lang='lat' dir='ltr'><strong>In</strong></span> <span class='ocrx_word' id='word_1_18' title='bbox 1030 613 1146 678; x_wconf 86' lang='lat' dir='ltr'><strong>ceteris</strong></span> <span class='ocrx_word' id='word_1_19' title='bbox 1169 612 1259 678; x_wconf 90' lang='lat' dir='ltr'><strong>libris</strong></span> <span class='ocrx_word' id='word_1_20' title='bbox 1283 619 1315 678; x_wconf 92' lang='lat' dir='ltr'><strong>et</strong></span> 
     </span>
     <span class='ocr_line' id='line_1_4' title="bbox 91 714 1315 803; baseline 0.004 -24"><span class='ocrx_word' id='word_1_21' title='bbox 91 716 135 780; x_wconf 93' lang='lat' dir='ltr'><strong>in</strong></span> <span class='ocrx_word' id='word_1_22' title='bbox 165 716 392 800; x_wconf 82' lang='lat' dir='ltr'><strong>panegyrico</strong></span> <span class='ocrx_word' id='word_1_23' title='bbox 421 714 506 780; x_wconf 90' lang='lat' dir='ltr'><strong>idem</strong></span> <span class='ocrx_word' id='word_1_24' title='bbox 529 717 649 801; x_wconf 89' lang='lat' dir='ltr'><strong>passim</strong></span> <span class='ocrx_word' id='word_1_25' title='bbox 672 717 845 782; x_wconf 90' lang='lat' dir='ltr'><strong>observare</strong></span> <span class='ocrx_word' id='word_1_26' title='bbox 868 725 970 803; x_wconf 91' lang='lat' dir='ltr'><strong>potes.</strong></span> <span class='ocrx_word' id='word_1_27' title='bbox 1018 718 1110 796; x_wconf 83' lang='lat' dir='ltr'><strong>Quod</strong></span> <span class='ocrx_word' id='word_1_28' title='bbox 1135 740 1198 785; x_wconf 93' lang='lat' dir='ltr'><strong>non</strong></span> <span class='ocrx_word' id='word_1_29' title='bbox 1222 720 1315 784; x_wconf 92' lang='lat' dir='ltr'><strong>mira-</strong></span> 
     </span>
     <span class='ocr_line' id='line_1_5' title="bbox 94 822 1315 909; baseline 0.002 -21"><span class='ocrx_word' id='word_1_30' title='bbox 94 823 218 904; x_wconf 90' lang='lat' dir='ltr'><strong>beris,</strong></span> <span class='ocrx_word' id='word_1_31' title='bbox 267 822 296 886; x_wconf 91' lang='lat' dir='ltr'><strong>si</strong></span> <span class='ocrx_word' id='word_1_32' title='bbox 320 823 488 888; x_wconf 89' lang='lat' dir='ltr'><strong>verborum</strong></span> <span class='ocrx_word' id='word_1_33' title='bbox 512 843 691 888; x_wconf 90' lang='lat' dir='ltr'><strong>mensuram</strong></span> <span class='ocrx_word' id='word_1_34' title='bbox 716 823 781 889; x_wconf 87' lang='lat' dir='ltr'><strong>illis</strong></span> <span class='ocrx_word' id='word_1_35' title='bbox 818 824 977 909; x_wconf 87' lang='lat' dir='ltr'><strong>clausulis,</strong></span> <span class='ocrx_word' id='word_1_36' title='bbox 1012 845 1092 908; x_wconf 91' lang='lat' dir='ltr'><strong>quas</strong></span> <span class='ocrx_word' id='word_1_37' title='bbox 1124 828 1156 890; x_wconf 93' lang='lat' dir='ltr'><strong>in</strong></span> <span class='ocrx_word' id='word_1_38' title='bbox 1189 825 1315 892; x_wconf 91' lang='lat' dir='ltr'><strong>deliciis</strong></span> 
     </span>
     <span class='ocr_line' id='line_1_6' title="bbox 96 929 1315 1016; baseline 0.007 -23"><span class='ocrx_word' id='word_1_39' title='bbox 96 929 289 994; x_wconf 81' lang='lat' dir='ltr'><strong>habuisse</strong></span> <span class='ocrx_word' id='word_1_40' title='bbox 327 929 465 993; x_wconf 87' lang='lat' dir='ltr'><strong>Plinium</strong></span> <span class='ocrx_word' id='word_1_41' title='bbox 504 929 731 1012; x_wconf 89' lang='lat' dir='ltr'><strong>demonstravi,</strong></span> <span class='ocrx_word' id='word_1_42' title='bbox 772 929 844 995; x_wconf 87' lang='lat' dir='ltr'><strong>dico</strong></span> <span class='ocrx_word' id='word_1_43' title='bbox 883 961 1008 1015; x_wconf 50' lang='lat' dir='ltr'><strong>noir„</strong></span> <span class='ocrx_word' id='word_1_44' title='bbox 1044 964 1139 1016; x_wconf 41' lang='lat' dir='ltr'><strong>nn,</strong></span> <span class='ocrx_word' id='word_1_45' title='bbox 1175 965 1315 1001; x_wconf 44' lang='lat'><strong>2:202</strong></span> 
     </span>
    </p>
   </div>
   <div class='ocr_carea' id='block_1_3' title="bbox 1 1035 1314 1229">
    <p class='ocr_par' dir='ltr' id='par_1_3' title="bbox 1 1035 1314 1229">
     <span class='ocr_line' id='line_1_7' title="bbox 1 1035 1314 1107; baseline 0.002 -6"><span class='ocrx_word' id='word_1_46' title='bbox 1 1085 2 1092; x_wconf 15' lang='grc' dir='ltr'><strong>κ</strong></span> <span class='ocrx_word' id='word_1_47' title='bbox 101 1035 506 1102; x_wconf 77' lang='lat' dir='ltr'><strong>accommodatissimam</strong></span> <span class='ocrx_word' id='word_1_48' title='bbox 531 1056 602 1103; x_wconf 87' lang='lat' dir='ltr'><strong>esse</strong></span> <span class='ocrx_word' id='word_1_49' title='bbox 626 1036 686 1103; x_wconf 91' lang='lat' dir='ltr'><strong>tibi</strong></span> <span class='ocrx_word' id='word_1_50' title='bbox 710 1038 741 1100; x_wconf 91' lang='lat' dir='ltr'><strong>in</strong></span> <span class='ocrx_word' id='word_1_51' title='bbox 766 1043 903 1102; x_wconf 89' lang='lat' dir='ltr'><strong>mentem</strong></span> <span class='ocrx_word' id='word_1_52' title='bbox 920 1041 1133 1104; x_wconf 87' lang='lat' dir='ltr'><strong>revocaveris.</strong></span> <span class='ocrx_word' id='word_1_53' title='bbox 1180 1041 1263 1107; x_wconf 90' lang='lat' dir='ltr'><strong>Nam</strong></span> <span class='ocrx_word' id='word_1_54' title='bbox 1280 1048 1314 1104; x_wconf 91' lang='lat' dir='ltr'><strong>ut</strong></span> 
     </span>
     <span class='ocr_line' id='line_1_8' title="bbox 1 1142 1313 1229; baseline 0.002 -22"><span class='ocrx_word' id='word_1_55' title='bbox 1 1142 2 1149; x_wconf 74' lang='grc'>’</span> <span class='ocrx_word' id='word_1_56' title='bbox 101 1143 293 1224; x_wconf 88' lang='lat' dir='ltr'><strong>omittam,</strong></span> <span class='ocrx_word' id='word_1_57' title='bbox 318 1144 424 1207; x_wconf 90' lang='lat' dir='ltr'><strong>omnia</strong></span> <span class='ocrx_word' id='word_1_58' title='bbox 448 1143 546 1207; x_wconf 88' lang='lat' dir='ltr'><strong>verba</strong></span> <span class='ocrx_word' id='word_1_59' title='bbox 569 1143 601 1207; x_wconf 90' lang='lat' dir='ltr'><strong>in</strong></span> <span class='ocrx_word' id='word_1_60' title='bbox 625 1143 736 1208; x_wconf 87' lang='lat' dir='ltr'><strong>formis</strong></span> <span class='ocrx_word' id='word_1_61' title='bbox 760 1144 929 1228; x_wconf 89' lang='lat' dir='ltr'><strong>bisyllabis</strong></span> <span class='ocrx_word' id='word_1_62' title='bbox 953 1146 1074 1229; x_wconf 91' lang='lat' dir='ltr'><strong>optime</strong></span> <span class='ocrx_word' id='word_1_63' title='bbox 1092 1146 1218 1227; x_wconf 86' lang='lat' dir='ltr'><strong>cadere,</strong></span> <span class='ocrx_word' id='word_1_64' title='bbox 1235 1146 1313 1212; x_wconf 91' lang='lat' dir='ltr'><strong>illud</strong></span> 
     </span>
    </p>
   </div>
   <div class='ocr_carea' id='block_1_4' title="bbox 105 1249 1314 1443">
    <p class='ocr_par' dir='ltr' id='par_1_4' title="bbox 105 1249 1314 1443">
     <span class='ocr_line' id='line_1_9' title="bbox 105 1249 1314 1336; baseline 0.003 -21"><span class='ocrx_word' id='word_1_65' title='bbox 105 1251 226 1315; x_wconf 90' lang='lat' dir='ltr'><strong>velim</strong></span> <span class='ocrx_word' id='word_1_66' title='bbox 243 1249 347 1315; x_wconf 91' lang='lat' dir='ltr'><strong>oculis</strong></span> <span class='ocrx_word' id='word_1_67' title='bbox 358 1270 547 1334; x_wconf 88' lang='lat' dir='ltr'><strong>praeponas,</strong></span> <span class='ocrx_word' id='word_1_68' title='bbox 566 1252 865 1335; x_wconf 83' lang='lat' dir='ltr'><strong>coniugationis</strong></span> <span class='ocrx_word' id='word_1_69' title='bbox 881 1253 992 1336; x_wconf 89' lang='lat' dir='ltr'><strong>ipsas</strong></span> <span class='ocrx_word' id='word_1_70' title='bbox 1008 1255 1314 1319; x_wconf 84' lang='lat' dir='ltr'><strong>terminationes</strong></span> 
     </span>
     <span class='ocr_line' id='line_1_10' title="bbox 105 1358 795 1443; baseline 0 -20"><span class='ocrx_word' id='word_1_71' title='bbox 105 1361 156 1423; x_wconf 92' lang='lat' dir='ltr'><strong>in</strong></span> <span class='ocrx_word' id='word_1_72' title='bbox 187 1358 402 1424; x_wconf 86' lang='lat' dir='ltr'><strong>clausulas</strong></span> <span class='ocrx_word' id='word_1_73' title='bbox 427 1361 569 1443; x_wconf 87' lang='lat' dir='ltr'><strong>optime</strong></span> <span class='ocrx_word' id='word_1_74' title='bbox 593 1358 795 1441; x_wconf 81' lang='lat' dir='ltr'><strong>quadrare.</strong></span> 
     </span>
    </p>
   </div>
   <div class='ocr_carea' id='block_1_5' title="bbox 89 1483 1325 2528">
    <p class='ocr_par' dir='ltr' id='par_1_5' title="bbox 89 1483 1325 2528">
     <span class='ocr_line' id='line_1_11' title="bbox 187 1483 1313 1571; baseline 0.004 -23"><span class='ocrx_word' id='word_1_75' title='bbox 187 1520 191 1525; x_wconf 70' lang='lat'>=</span> <span class='ocrx_word' id='word_1_76' title='bbox 247 1485 278 1563; x_wconf 90' lang='lat' dir='ltr'><strong>l)</strong></span> <span class='ocrx_word' id='word_1_77' title='bbox 297 1484 547 1549; x_wconf 76' lang='lat' dir='ltr'><strong>Innumerabiles</strong></span> <span class='ocrx_word' id='word_1_78' title='bbox 564 1483 745 1549; x_wconf 89' lang='lat' dir='ltr'><strong>huiusmodi</strong></span> <span class='ocrx_word' id='word_1_79' title='bbox 761 1484 900 1549; x_wconf 88' lang='lat' dir='ltr'><strong>formae:</strong></span> <span class='ocrx_word' id='word_1_80' title='bbox 1012 1485 1187 1569; x_wconf 87' lang='lat' dir='ltr'><strong>(laudabat,</strong></span> <span class='ocrx_word' id='word_1_81' title='bbox 1202 1488 1313 1571; x_wconf 80' lang='lat' dir='ltr'><strong>exivit,</strong></span> 
     </span>
     <span class='ocr_line' id='line_1_12' title="bbox 113 1590 1312 1677; baseline 0.002 -20"><span class='ocrx_word' id='word_1_82' title='bbox 113 1591 275 1671; x_wconf 80' lang='lat' dir='ltr'><strong>cessisti)</strong></span> <span class='ocrx_word' id='word_1_83' title='bbox 316 1590 480 1655; x_wconf 90' lang='lat' dir='ltr'><strong>continent</strong></span> <span class='ocrx_word' id='word_1_84' title='bbox 521 1597 585 1656; x_wconf 92' lang='lat' dir='ltr'><strong>tres</strong></span> <span class='ocrx_word' id='word_1_85' title='bbox 625 1592 752 1656; x_wconf 88' lang='lat' dir='ltr'><strong>ultimas</strong></span> <span class='ocrx_word' id='word_1_86' title='bbox 792 1593 935 1677; x_wconf 88' lang='lat' dir='ltr'><strong>syllabas</strong></span> <span class='ocrx_word' id='word_1_87' title='bbox 974 1593 1136 1658; x_wconf 89' lang='lat' dir='ltr'><strong>clausulae</strong></span> <span class='ocrx_word' id='word_1_88' title='bbox 1160 1594 1236 1659; x_wconf 88' lang='lat' dir='ltr'><strong>Bet</strong></span> <span class='ocrx_word' id='word_1_89' title='bbox 1272 1596 1312 1660; x_wconf 87' lang='lat' dir='ltr'><strong>D.</strong></span> 
     </span>
     <span class='ocr_line' id='line_1_13' title="bbox 89 1693 1325 1781; baseline 0.009 -24"><span class='ocrx_word' id='word_1_90' title='bbox 89 1701 153 1779; x_wconf 76' lang='grc'><strong>,2)</strong></span> <span class='ocrx_word' id='word_1_91' title='bbox 185 1700 346 1763; x_wconf 85' lang='lat' dir='ltr'><strong>Formae:</strong></span> <span class='ocrx_word' id='word_1_92' title='bbox 382 1742 447 1765; x_wconf 43' lang='grc' dir='ltr'><em>Μ</em></span> <span class='ocrx_word' id='word_1_93' title='bbox 479 1699 643 1780; x_wconf 86' lang='lat' dir='ltr'><strong>(monebit,</strong></span> <span class='ocrx_word' id='word_1_94' title='bbox 676 1707 784 1781; x_wconf 84' lang='lat' dir='ltr'><strong>-unt,</strong></span> <span class='ocrx_word' id='word_1_95' title='bbox 820 1701 964 1780; x_wconf 91' lang='lat' dir='ltr'><strong>novavit)</strong></span> <span class='ocrx_word' id='word_1_96' title='bbox 1001 1700 1213 1766; x_wconf 88' lang='lat' dir='ltr'><strong>clausulaeB</strong></span> <span class='ocrx_word' id='word_1_97' title='bbox 1248 1693 1325 1768; x_wconf 87' lang='lat' dir='ltr'><strong>tres</strong></span> 
     </span>
     <span class='ocr_line' id='line_1_14' title="bbox 115 1805 1312 1892; baseline 0.003 -22"><span class='ocrx_word' id='word_1_98' title='bbox 115 1807 267 1870; x_wconf 88' lang='lat' dir='ltr'><strong>ultimas</strong></span> <span class='ocrx_word' id='word_1_99' title='bbox 292 1805 422 1889; x_wconf 81' lang='lat' dir='ltr'><strong>explent</strong></span> <span class='ocrx_word' id='word_1_100' title='bbox 439 1806 590 1890; x_wconf 87' lang='lat' dir='ltr'><strong>syllabas.</strong></span> <span class='ocrx_word' id='word_1_101' title='bbox 638 1807 672 1886; x_wconf 82' lang='lat'><strong>3)</strong></span> <span class='ocrx_word' id='word_1_102' title='bbox 697 1807 849 1871; x_wconf 86' lang='lat' dir='ltr'><strong>Formae:</strong></span> <span class='ocrx_word' id='word_1_103' title='bbox 870 1839 937 1875; x_wconf 57' lang='lat' dir='ltr'><strong>res</strong></span> <span class='ocrx_word' id='word_1_104' title='bbox 965 1808 1151 1892; x_wconf 89' lang='lat' dir='ltr'><strong>(postulant,</strong></span> <span class='ocrx_word' id='word_1_105' title='bbox 1177 1808 1312 1889; x_wconf 87' lang='lat' dir='ltr'><strong>audies),</strong></span> 
     </span>
     <span class='ocr_line' id='line_1_15' title="bbox 115 1911 1312 1997; baseline 0.003 -21"><span class='ocrx_word' id='word_1_106' title='bbox 115 1914 277 1995; x_wconf 88' lang='lat' dir='ltr'><strong>itemquo</strong></span> <span class='ocrx_word' id='word_1_107' title='bbox 313 1911 496 1996; x_wconf 90' lang='lat' dir='ltr'><strong>dactylicae</strong></span> <span class='ocrx_word' id='word_1_108' title='bbox 533 1913 665 1993; x_wconf 90' lang='lat' dir='ltr'><strong>(vivere,</strong></span> <span class='ocrx_word' id='word_1_109' title='bbox 691 1915 817 1995; x_wconf 82' lang='lat' dir='ltr'><strong>egerit),</strong></span> <span class='ocrx_word' id='word_1_110' title='bbox 843 1934 925 1997; x_wconf 90' lang='lat' dir='ltr'><strong>quae</strong></span> <span class='ocrx_word' id='word_1_111' title='bbox 950 1915 1124 1981; x_wconf 85' lang='lat' dir='ltr'><strong>sescenties</strong></span> <span class='ocrx_word' id='word_1_112' title='bbox 1148 1917 1180 1979; x_wconf 90' lang='lat' dir='ltr'><strong>in</strong></span> <span class='ocrx_word' id='word_1_113' title='bbox 1205 1918 1312 1980; x_wconf 91' lang='lat' dir='ltr'><strong>coniu-</strong></span> 
     </span>
     <span class='ocr_line' id='line_1_16' title="bbox 118 2019 1311 2104; baseline 0.003 -19"><span class='ocrx_word' id='word_1_114' title='bbox 118 2021 302 2104; x_wconf 82' lang='lat' dir='ltr'><strong>gationum</strong></span> <span class='ocrx_word' id='word_1_115' title='bbox 350 2019 568 2084; x_wconf 86' lang='lat' dir='ltr'><strong>schematibus</strong></span> <span class='ocrx_word' id='word_1_116' title='bbox 612 2027 793 2101; x_wconf 90' lang='lat' dir='ltr'><strong>occurrunt,</strong></span> <span class='ocrx_word' id='word_1_117' title='bbox 848 2023 1018 2086; x_wconf 86' lang='lat' dir='ltr'><strong>terminant</strong></span> <span class='ocrx_word' id='word_1_118' title='bbox 1064 2023 1237 2087; x_wconf 86' lang='lat' dir='ltr'><strong>clausulam</strong></span> <span class='ocrx_word' id='word_1_119' title='bbox 1276 2025 1311 2089; x_wconf 80' lang='lat' dir='ltr'><strong>O.</strong></span> 
     </span>
     <span class='ocr_line' id='line_1_17' title="bbox 119 2126 1312 2215; baseline 0.006 -25"><span class='ocrx_word' id='word_1_120' title='bbox 119 2128 159 2207; x_wconf 88' lang='lat'><strong>4)</strong></span> <span class='ocrx_word' id='word_1_121' title='bbox 189 2126 355 2204; x_wconf 77' lang='lat' dir='ltr'><strong>Quattuos</strong></span> <span class='ocrx_word' id='word_1_122' title='bbox 378 2127 572 2209; x_wconf 87' lang='lat' dir='ltr'><strong>syllabarum</strong></span> <span class='ocrx_word' id='word_1_123' title='bbox 609 2127 731 2192; x_wconf 82' lang='lat' dir='ltr'><strong>formae</strong></span> <span class='ocrx_word' id='word_1_124' title='bbox 768 2128 1047 2210; x_wconf 85' lang='lat' dir='ltr'><strong>frequentissimae</strong></span> <span class='ocrx_word' id='word_1_125' title='bbox 1083 2131 1312 2215; x_wconf 83' lang='lat' dir='ltr'><strong>(postulabant,</strong></span> 
     </span>
     <span class='ocr_line' id='line_1_18' title="bbox 122 2232 1312 2321; baseline 0.003 -21"><span class='ocrx_word' id='word_1_126' title='bbox 122 2234 377 2310; x_wconf 90' lang='lat' dir='ltr'><strong>abhorruerunt,</strong></span> <span class='ocrx_word' id='word_1_127' title='bbox 407 2232 598 2315; x_wconf 89' lang='lat' dir='ltr'><strong>debuerunt)</strong></span> <span class='ocrx_word' id='word_1_128' title='bbox 623 2265 712 2303; x_wconf 60' lang='lat' dir='ltr'><strong>ror„</strong></span> <span class='ocrx_word' id='word_1_129' title='bbox 748 2256 867 2299; x_wconf 89' lang='lat' dir='ltr'><strong>meram</strong></span> <span class='ocrx_word' id='word_1_130' title='bbox 892 2235 1043 2301; x_wconf 83' lang='lat' dir='ltr'><strong>efficiunt</strong></span> <span class='ocrx_word' id='word_1_131' title='bbox 1067 2237 1241 2303; x_wconf 89' lang='lat' dir='ltr'><strong>clausulam</strong></span> <span class='ocrx_word' id='word_1_132' title='bbox 1266 2239 1312 2321; x_wconf 74' lang='lat' dir='ltr'><strong>B:</strong></span> 
     </span>
     <span class='ocr_line' id='line_1_19' title="bbox 122 2340 1312 2428; baseline 0.003 -22"><span class='ocrx_word' id='word_1_133' title='bbox 122 2363 192 2407; x_wconf 91' lang='lat' dir='ltr'><strong>nec</strong></span> <span class='ocrx_word' id='word_1_134' title='bbox 220 2340 323 2406; x_wconf 90' lang='lat' dir='ltr'><strong>minus</strong></span> <span class='ocrx_word' id='word_1_135' title='bbox 347 2342 439 2406; x_wconf 89' lang='lat' dir='ltr'><strong>huius</strong></span> <span class='ocrx_word' id='word_1_136' title='bbox 463 2361 629 2406; x_wconf 90' lang='lat' dir='ltr'><strong>mensurae</strong></span> <span class='ocrx_word' id='word_1_137' title='bbox 653 2342 776 2406; x_wconf 82' lang='lat' dir='ltr'><strong>formae</strong></span> <span class='ocrx_word' id='word_1_138' title='bbox 799 2373 903 2411; x_wconf 47' lang='lat' dir='ltr'><strong>nn:</strong></span> <span class='ocrx_word' id='word_1_139' title='bbox 936 2343 1141 2428; x_wconf 80' lang='lat' dir='ltr'><strong>(obducebat,</strong></span> <span class='ocrx_word' id='word_1_140' title='bbox 1167 2366 1312 2412; x_wconf 90' lang='lat' dir='ltr'><strong>occurre-</strong></span> 
     </span>
     <span class='ocr_line' id='line_1_20' title="bbox 125 2448 488 2528; baseline -0.003 -15"><span class='ocrx_word' id='word_1_141' title='bbox 125 2450 224 2528; x_wconf 89' lang='lat' dir='ltr'><strong>runt)</strong></span> <span class='ocrx_word' id='word_1_142' title='bbox 249 2448 423 2513; x_wconf 88' lang='lat' dir='ltr'><strong>clausulam</strong></span> <span class='ocrx_word' id='word_1_143' title='bbox 449 2449 488 2512; x_wconf 89' lang='lat' dir='ltr'><strong>D.</strong></span> 
     </span>
    </p>
   </div>
   <div class='ocr_carea' id='block_1_6' title="bbox 129 2572 1311 2875">
    <p class='ocr_par' dir='ltr' id='par_1_6' title="bbox 129 2572 1311 2875">
     <span class='ocr_line' id='line_1_21' title="bbox 244 2572 1311 2659; baseline 0.007 -23"><span class='ocrx_word' id='word_1_144' title='bbox 244 2573 277 2653; x_wconf 83' lang='lat'><strong>5)</strong></span> <span class='ocrx_word' id='word_1_145' title='bbox 303 2572 439 2637; x_wconf 87' lang='lat' dir='ltr'><strong>Formae</strong></span> <span class='ocrx_word' id='word_1_146' title='bbox 463 2574 509 2637; x_wconf 89' lang='lat' dir='ltr'><strong>ita</strong></span> <span class='ocrx_word' id='word_1_147' title='bbox 534 2581 736 2639; x_wconf 86' lang='lat' dir='ltr'><strong>constructae</strong></span> <span class='ocrx_word' id='word_1_148' title='bbox 759 2619 848 2642; x_wconf 41' lang='lat' dir='ltr'><strong>--a</strong></span> <span class='ocrx_word' id='word_1_149' title='bbox 872 2576 1080 2659; x_wconf 81' lang='lat' dir='ltr'><strong>(legaveram,</strong></span> <span class='ocrx_word' id='word_1_150' title='bbox 1116 2576 1311 2658; x_wconf 84' lang='lat' dir='ltr'><strong>audiverint)</strong></span> 
     </span>
     <span class='ocr_line' id='line_1_22' title="bbox 129 2681 1310 2769; baseline 0.004 -24"><span class='ocrx_word' id='word_1_151' title='bbox 129 2686 287 2762; x_wconf 86' lang='lat' dir='ltr'><strong>quattuor</strong></span> <span class='ocrx_word' id='word_1_152' title='bbox 317 2681 444 2745; x_wconf 90' lang='lat' dir='ltr'><strong>ultimas</strong></span> <span class='ocrx_word' id='word_1_153' title='bbox 479 2682 624 2766; x_wconf 89' lang='lat' dir='ltr'><strong>syllabas</strong></span> <span class='ocrx_word' id='word_1_154' title='bbox 658 2683 819 2748; x_wconf 87' lang='lat' dir='ltr'><strong>clausulae</strong></span> <span class='ocrx_word' id='word_1_155' title='bbox 845 2683 869 2748; x_wconf 85' lang='lat' dir='ltr'><strong>O</strong></span> <span class='ocrx_word' id='word_1_156' title='bbox 895 2690 1075 2769; x_wconf 83' lang='lat' dir='ltr'><strong>praestant3</strong></span> <span class='ocrx_word' id='word_1_157' title='bbox 1112 2684 1233 2750; x_wconf 83' lang='lat' dir='ltr'><strong>formae</strong></span> <span class='ocrx_word' id='word_1_158' title='bbox 1257 2692 1310 2750; x_wconf 89' lang='lat' dir='ltr'><strong>ut:</strong></span> 
     </span>
     <span class='ocr_line' id='line_1_23' title="bbox 131 2786 1089 2875; baseline 0.003 -24"><span class='ocrx_word' id='word_1_159' title='bbox 131 2786 326 2868; x_wconf 88' lang='lat' dir='ltr'><strong>inundabat,</strong></span> <span class='ocrx_word' id='word_1_160' title='bbox 351 2788 560 2855; x_wconf 88' lang='lat' dir='ltr'><strong>reformidant</strong></span> <span class='ocrx_word' id='word_1_161' title='bbox 583 2834 672 2858; x_wconf 61' lang='grc' dir='ltr'><strong>υ--.</strong></span> <span class='ocrx_word' id='word_1_162' title='bbox 696 2791 871 2855; x_wconf 86' lang='lat' dir='ltr'><strong>clausulam</strong></span> <span class='ocrx_word' id='word_1_163' title='bbox 896 2794 924 2854; x_wconf 86' lang='grc' dir='ltr'><strong>Α</strong></span> <span class='ocrx_word' id='word_1_164' title='bbox 949 2793 1089 2875; x_wconf 84' lang='lat' dir='ltr'><strong>explent.</strong></span> 
     </span>
    </p>
   </div>
   <div class='ocr_carea' id='block_1_7' title="bbox 135 2913 1310 3106">
    <p class='ocr_par' dir='ltr' id='par_1_7' title="bbox 135 2913 1310 3106">
     <span class='ocr_line' id='line_1_24' title="bbox 244 2913 1310 3001; baseline 0.004 -24"><span class='ocrx_word' id='word_1_165' title='bbox 244 2913 277 2993; x_wconf 83' lang='lat' dir='ltr'><strong>d)</strong></span> <span class='ocrx_word' id='word_1_166' title='bbox 312 2913 458 2995; x_wconf 81' lang='lat' dir='ltr'><strong>Quinque</strong></span> <span class='ocrx_word' id='word_1_167' title='bbox 490 2914 687 2998; x_wconf 87' lang='lat' dir='ltr'><strong>syllabarum</strong></span> <span class='ocrx_word' id='word_1_168' title='bbox 722 2913 839 2979; x_wconf 87' lang='lat' dir='ltr'><strong>deinde</strong></span> <span class='ocrx_word' id='word_1_169' title='bbox 873 2936 982 2981; x_wconf 87' lang='lat' dir='ltr'><strong>voces:</strong></span> <span class='ocrx_word' id='word_1_170' title='bbox 1018 2918 1310 3001; x_wconf 79' lang='lat' dir='ltr'><strong>(reconstruxerinr,</strong></span> 
     </span>
     <span class='ocr_line' id='line_1_25' title="bbox 135 3021 1255 3106; baseline 0.006 -24"><span class='ocrx_word' id='word_1_171' title='bbox 135 3025 395 3104; x_wconf 88' lang='lat' dir='ltr'><strong>reportaverant)</strong></span> <span class='ocrx_word' id='word_1_172' title='bbox 417 3053 528 3088; x_wconf 55' lang='lat' dir='ltr'><strong>amos</strong></span> <span class='ocrx_word' id='word_1_173' title='bbox 553 3021 686 3085; x_wconf 91' lang='lat' dir='ltr'><strong>totidem</strong></span> <span class='ocrx_word' id='word_1_174' title='bbox 710 3022 853 3105; x_wconf 90' lang='lat' dir='ltr'><strong>syllabas</strong></span> <span class='ocrx_word' id='word_1_175' title='bbox 878 3023 1009 3106; x_wconf 82' lang='lat' dir='ltr'><strong>explent</strong></span> <span class='ocrx_word' id='word_1_176' title='bbox 1032 3024 1195 3089; x_wconf 88' lang='lat' dir='ltr'><strong>clausulae</strong></span> <span class='ocrx_word' id='word_1_177' title='bbox 1220 3024 1255 3089; x_wconf 80' lang='lat' dir='ltr'><strong>C.</strong></span> 
     </span>
    </p>
   </div>
   <div class='ocr_carea' id='block_1_8' title="bbox 135 3145 1311 4516">
    <p class='ocr_par' dir='ltr' id='par_1_8' title="bbox 135 3145 1310 3335">
     <span class='ocr_line' id='line_1_26' title="bbox 244 3145 1310 3231; baseline 0.008 -23"><span class='ocrx_word' id='word_1_178' title='bbox 244 3147 276 3225; x_wconf 79' lang='lat' dir='ltr'><strong>l)</strong></span> <span class='ocrx_word' id='word_1_179' title='bbox 302 3146 453 3210; x_wconf 86' lang='lat' dir='ltr'><strong>Formae:</strong></span> <span class='ocrx_word' id='word_1_180' title='bbox 488 3176 602 3213; x_wconf 47' lang='lat' dir='ltr'><strong>rona„</strong></span> <span class='ocrx_word' id='word_1_181' title='bbox 624 3145 831 3226; x_wconf 90' lang='lat' dir='ltr'><strong>(audiebatis)</strong></span> <span class='ocrx_word' id='word_1_182' title='bbox 866 3155 952 3212; x_wconf 90' lang='lat' dir='ltr'><strong>totae</strong></span> <span class='ocrx_word' id='word_1_183' title='bbox 986 3147 1081 3212; x_wconf 89' lang='lat' dir='ltr'><strong>incl.</strong></span> <span class='ocrx_word' id='word_1_184' title='bbox 1106 3149 1145 3231; x_wconf 82' lang='lat' dir='ltr'><strong>A,</strong></span> <span class='ocrx_word' id='word_1_185' title='bbox 1178 3180 1310 3217; x_wconf 54' lang='lat' dir='ltr'><strong>,ramos</strong></span> 
     </span>
     <span class='ocr_line' id='line_1_27' title="bbox 135 3252 944 3335; baseline 0.006 -21"><span class='ocrx_word' id='word_1_186' title='bbox 135 3252 445 3332; x_wconf 89' lang='lat' dir='ltr'><strong>(commorabamini)</strong></span> <span class='ocrx_word' id='word_1_187' title='bbox 469 3254 500 3316; x_wconf 92' lang='lat' dir='ltr'><strong>in</strong></span> <span class='ocrx_word' id='word_1_188' title='bbox 525 3253 700 3317; x_wconf 86' lang='lat' dir='ltr'><strong>clausulam</strong></span> <span class='ocrx_word' id='word_1_189' title='bbox 725 3253 750 3317; x_wconf 81' lang='lat' dir='ltr'>O</span> <span class='ocrx_word' id='word_1_190' title='bbox 775 3253 944 3335; x_wconf 90' lang='lat' dir='ltr'><strong>quadrant.</strong></span> 
     </span>
    </p>

    <p class='ocr_par' dir='ltr' id='par_1_9' title="bbox 137 3359 1311 3747">
     <span class='ocr_line' id='line_1_28' title="bbox 243 3359 1310 3448; baseline 0.007 -26"><span class='ocrx_word' id='word_1_191' title='bbox 243 3360 276 3438; x_wconf 86' lang='lat'><strong>8)</strong></span> <span class='ocrx_word' id='word_1_192' title='bbox 301 3361 478 3445; x_wconf 89' lang='lat' dir='ltr'><strong>Participia</strong></span> <span class='ocrx_word' id='word_1_193' title='bbox 502 3361 609 3424; x_wconf 91' lang='lat' dir='ltr'><strong>activa</strong></span> <span class='ocrx_word' id='word_1_194' title='bbox 633 3368 665 3424; x_wconf 92' lang='lat' dir='ltr'><strong>et</strong></span> <span class='ocrx_word' id='word_1_195' title='bbox 689 3359 829 3444; x_wconf 90' lang='lat' dir='ltr'><strong>passiva,</strong></span> <span class='ocrx_word' id='word_1_196' title='bbox 855 3363 970 3444; x_wconf 91' lang='lat' dir='ltr'><strong>quibus</strong></span> <span class='ocrx_word' id='word_1_197' title='bbox 986 3363 1107 3429; x_wconf 90' lang='lat' dir='ltr'><strong>Plinius</strong></span> <span class='ocrx_word' id='word_1_198' title='bbox 1123 3365 1310 3448; x_wconf 87' lang='lat' dir='ltr'><strong>saepissime</strong></span> 
     </span>
     <span class='ocr_line' id='line_1_29' title="bbox 137 3468 1311 3546; baseline 0.009 -21"><span class='ocrx_word' id='word_1_199' title='bbox 137 3483 211 3527; x_wconf 89' lang='lat' dir='ltr'><strong>usus</strong></span> <span class='ocrx_word' id='word_1_200' title='bbox 235 3472 293 3546; x_wconf 86' lang='lat' dir='ltr'><strong>cst,</strong></span> <span class='ocrx_word' id='word_1_201' title='bbox 318 3468 530 3533; x_wconf 89' lang='lat' dir='ltr'><strong>clausularum</strong></span> <span class='ocrx_word' id='word_1_202' title='bbox 555 3488 722 3533; x_wconf 87' lang='lat' dir='ltr'><strong>mensurae</strong></span> <span class='ocrx_word' id='word_1_203' title='bbox 740 3469 1093 3536; x_wconf 90' lang='lat' dir='ltr'><strong>accommodatissimae</strong></span> <span class='ocrx_word' id='word_1_204' title='bbox 1109 3479 1197 3536; x_wconf 90' lang='lat' dir='ltr'><strong>sunt:</strong></span> <span class='ocrx_word' id='word_1_205' title='bbox 1223 3472 1311 3536; x_wconf 89' lang='lat' dir='ltr'><strong>dedi-</strong></span> 
     </span>
     <span class='ocr_line' id='line_1_30' title="bbox 137 3576 1310 3660; baseline 0.009 -28"><span class='ocrx_word' id='word_1_206' title='bbox 137 3576 264 3634; x_wconf 90' lang='lat' dir='ltr'><strong>caturus</strong></span> <span class='ocrx_word' id='word_1_207' title='bbox 289 3578 337 3635; x_wconf 90' lang='lat' dir='ltr'><strong>est</strong></span> <span class='ocrx_word' id='word_1_208' title='bbox 359 3604 499 3657; x_wconf 48' lang='lat' dir='ltr'><strong>actius,</strong></span> <span class='ocrx_word' id='word_1_209' title='bbox 525 3577 594 3640; x_wconf 81' lang='lat' dir='ltr'><strong>visa</strong></span> <span class='ocrx_word' id='word_1_210' title='bbox 610 3576 652 3641; x_wconf 91' lang='lat' dir='ltr'><strong>sit</strong></span> <span class='ocrx_word' id='word_1_211' title='bbox 668 3608 731 3643; x_wconf 55' lang='lat' dir='ltr'><strong>aas</strong></span> <span class='ocrx_word' id='word_1_212' title='bbox 742 3627 750 3660; x_wconf 90' lang='lat'><strong>,</strong></span> <span class='ocrx_word' id='word_1_213' title='bbox 777 3577 1004 3643; x_wconf 89' lang='lat' dir='ltr'><strong>elaborandum</strong></span> <span class='ocrx_word' id='word_1_214' title='bbox 1021 3577 1072 3660; x_wconf 87' lang='lat' dir='ltr'><strong>lst,</strong></span> <span class='ocrx_word' id='word_1_215' title='bbox 1089 3611 1213 3656; x_wconf 54' lang='lat'><strong>2022„</strong></span> <span class='ocrx_word' id='word_1_216' title='bbox 1238 3600 1310 3644; x_wconf 89' lang='lat' dir='ltr'><strong>con·</strong></span> 
     </span>
     <span class='ocr_line' id='line_1_31' title="bbox 137 3674 458 3747; baseline 0.016 -9"><span class='ocrx_word' id='word_1_217' title='bbox 137 3674 337 3742; x_wconf 80' lang='lat' dir='ltr'><strong>litandum&#39;st</strong></span> <span class='ocrx_word' id='word_1_218' title='bbox 360 3708 458 3747; x_wconf 39' lang='lat' dir='ltr'><strong>aare</strong></span> 
     </span>
    </p>

    <p class='ocr_par' dir='ltr' id='par_1_10' title="bbox 136 3783 1309 3977">
     <span class='ocr_line' id='line_1_32' title="bbox 243 3783 1309 3874; baseline 0.009 -26"><span class='ocrx_word' id='word_1_219' title='bbox 243 3783 276 3863; x_wconf 87' lang='lat'><strong>9)</strong></span> <span class='ocrx_word' id='word_1_220' title='bbox 302 3783 416 3850; x_wconf 90' lang='lat' dir='ltr'><strong>Omnia</strong></span> <span class='ocrx_word' id='word_1_221' title='bbox 435 3786 574 3868; x_wconf 88' lang='lat' dir='ltr'><strong>denique</strong></span> <span class='ocrx_word' id='word_1_222' title='bbox 592 3790 690 3854; x_wconf 89' lang='lat' dir='ltr'><strong>verba</strong></span> <span class='ocrx_word' id='word_1_223' title='bbox 703 3789 796 3855; x_wconf 91' lang='lat' dir='ltr'><strong>huius</strong></span> <span class='ocrx_word' id='word_1_224' title='bbox 810 3798 1003 3857; x_wconf 90' lang='lat' dir='ltr'><strong>structurae:</strong></span> <span class='ocrx_word' id='word_1_225' title='bbox 1028 3836 1093 3860; x_wconf 61' lang='lat' dir='ltr'><strong>aa„</strong></span> <span class='ocrx_word' id='word_1_226' title='bbox 1116 3792 1239 3874; x_wconf 87' lang='lat' dir='ltr'><strong>(voluit,</strong></span> <span class='ocrx_word' id='word_1_227' title='bbox 1264 3813 1309 3858; x_wconf 89' lang='lat' dir='ltr'><strong>re·</strong></span> 
     </span>
     <span class='ocr_line' id='line_1_33' title="bbox 136 3888 1151 3977; baseline 0.008 -22"><span class='ocrx_word' id='word_1_228' title='bbox 136 3888 320 3974; x_wconf 86' lang='lat' dir='ltr'><strong>dargueret)</strong></span> <span class='ocrx_word' id='word_1_229' title='bbox 345 3892 504 3958; x_wconf 88' lang='lat' dir='ltr'><strong>clausulas</strong></span> <span class='ocrx_word' id='word_1_230' title='bbox 536 3924 675 3971; x_wconf 51' lang='lat' dir='ltr'><strong>rosto„</strong></span> <span class='ocrx_word' id='word_1_231' title='bbox 704 3928 818 3977; x_wconf 49' lang='lat' dir='ltr'><strong>agos„</strong></span> <span class='ocrx_word' id='word_1_232' title='bbox 850 3899 946 3963; x_wconf 80' lang='lat' dir='ltr'><strong>facile</strong></span> <span class='ocrx_word' id='word_1_233' title='bbox 971 3900 1151 3963; x_wconf 85' lang='lat' dir='ltr'><strong>terminant.</strong></span> 
     </span>
    </p>

    <p class='ocr_par' dir='ltr' id='par_1_11' title="bbox 136 3998 1309 4516">
     <span class='ocr_line' id='line_1_34' title="bbox 243 3998 1308 4089; baseline 0.009 -26"><span class='ocrx_word' id='word_1_234' title='bbox 243 3998 329 4065; x_wconf 85' lang='lat' dir='ltr'><strong>Satis</strong></span> <span class='ocrx_word' id='word_1_235' title='bbox 353 4019 393 4065; x_wconf 84' lang='lat' dir='ltr'><strong>ex</strong></span> <span class='ocrx_word' id='word_1_236' title='bbox 418 3999 476 4084; x_wconf 91' lang='lat' dir='ltr'><strong>his,</strong></span> <span class='ocrx_word' id='word_1_237' title='bbox 502 4022 584 4083; x_wconf 90' lang='lat' dir='ltr'><strong>quae</strong></span> <span class='ocrx_word' id='word_1_238' title='bbox 609 4001 755 4085; x_wconf 91' lang='lat' dir='ltr'><strong>disserui,</strong></span> <span class='ocrx_word' id='word_1_239' title='bbox 781 4013 926 4089; x_wconf 88' lang='lat' dir='ltr'><strong>apparet,</strong></span> <span class='ocrx_word' id='word_1_240' title='bbox 963 4025 1072 4070; x_wconf 88' lang='lat' dir='ltr'><strong>omnes</strong></span> <span class='ocrx_word' id='word_1_241' title='bbox 1095 4005 1164 4070; x_wconf 82' lang='lat' dir='ltr'><strong>lere</strong></span> <span class='ocrx_word' id='word_1_242' title='bbox 1187 4005 1308 4073; x_wconf 82' lang='lat' dir='ltr'><strong>formas</strong></span> 
     </span>
     <span class='ocr_line' id='line_1_35' title="bbox 136 4105 1309 4197; baseline 0.008 -28"><span class='ocrx_word' id='word_1_243' title='bbox 136 4105 315 4187; x_wconf 88' lang='lat' dir='ltr'><strong>verborum,</strong></span> <span class='ocrx_word' id='word_1_244' title='bbox 345 4126 427 4188; x_wconf 93' lang='lat' dir='ltr'><strong>quae</strong></span> <span class='ocrx_word' id='word_1_245' title='bbox 452 4127 491 4173; x_wconf 84' lang='lat' dir='ltr'><strong>ex</strong></span> <span class='ocrx_word' id='word_1_246' title='bbox 516 4110 750 4192; x_wconf 83' lang='lat' dir='ltr'><strong>coniugationis</strong></span> <span class='ocrx_word' id='word_1_247' title='bbox 774 4111 911 4176; x_wconf 86' lang='lat' dir='ltr'><strong>Latinae</strong></span> <span class='ocrx_word' id='word_1_248' title='bbox 944 4112 1069 4177; x_wconf 89' lang='lat' dir='ltr'><strong>ratione</strong></span> <span class='ocrx_word' id='word_1_249' title='bbox 1099 4112 1214 4196; x_wconf 82' lang='lat' dir='ltr'><strong>effingi</strong></span> <span class='ocrx_word' id='word_1_250' title='bbox 1238 4134 1309 4197; x_wconf 88' lang='lat' dir='ltr'><strong>pos·</strong></span> 
     </span>
     <span class='ocr_line' id='line_1_36' title="bbox 137 4215 1308 4304; baseline 0.007 -29"><span class='ocrx_word' id='word_1_251' title='bbox 137 4217 218 4293; x_wconf 90' lang='lat' dir='ltr'><strong>sunt,</strong></span> <span class='ocrx_word' id='word_1_252' title='bbox 243 4232 351 4277; x_wconf 87' lang='lat' dir='ltr'><strong>earum</strong></span> <span class='ocrx_word' id='word_1_253' title='bbox 376 4215 597 4297; x_wconf 90' lang='lat' dir='ltr'><strong>clausularum,</strong></span> <span class='ocrx_word' id='word_1_254' title='bbox 623 4235 703 4298; x_wconf 89' lang='lat' dir='ltr'><strong>quas</strong></span> <span class='ocrx_word' id='word_1_255' title='bbox 720 4217 824 4283; x_wconf 92' lang='lat' dir='ltr'><strong>Plinio</strong></span> <span class='ocrx_word' id='word_1_256' title='bbox 857 4218 1069 4284; x_wconf 89' lang='lat' dir='ltr'><strong>vindicandas</strong></span> <span class='ocrx_word' id='word_1_257' title='bbox 1085 4239 1155 4284; x_wconf 87' lang='lat' dir='ltr'><strong>esse</strong></span> <span class='ocrx_word' id='word_1_258' title='bbox 1172 4219 1308 4304; x_wconf 88' lang='lat' dir='ltr'><strong>ostendi,</strong></span> 
     </span>
     <span class='ocr_line' id='line_1_37' title="bbox 136 4318 1308 4411; baseline 0.008 -29"><span class='ocrx_word' id='word_1_259' title='bbox 136 4318 289 4384; x_wconf 88' lang='lat' dir='ltr'><strong>metricae</strong></span> <span class='ocrx_word' id='word_1_260' title='bbox 312 4325 490 4387; x_wconf 87' lang='lat' dir='ltr'><strong>structurae</strong></span> <span class='ocrx_word' id='word_1_261' title='bbox 513 4324 632 4406; x_wconf 87' lang='lat' dir='ltr'><strong>optime</strong></span> <span class='ocrx_word' id='word_1_262' title='bbox 656 4323 860 4408; x_wconf 87' lang='lat' dir='ltr'><strong>respondere.</strong></span> <span class='ocrx_word' id='word_1_263' title='bbox 908 4323 991 4401; x_wconf 76' lang='lat' dir='ltr'><strong>cuin</strong></span> <span class='ocrx_word' id='word_1_264' title='bbox 1014 4346 1112 4411; x_wconf 89' lang='lat' dir='ltr'><strong>saepe</strong></span> <span class='ocrx_word' id='word_1_265' title='bbox 1128 4327 1308 4406; x_wconf 88' lang='lat' dir='ltr'><strong>observavi,</strong></span> 
     </span>
     <span class='ocr_line' id='line_1_38' title="bbox 139 4426 1308 4516; baseline 0.01 -26"><span class='ocrx_word' id='word_1_266' title='bbox 139 4426 201 4491; x_wconf 88' lang='lat' dir='ltr'><strong>illis</strong></span> <span class='ocrx_word' id='word_1_267' title='bbox 241 4427 329 4511; x_wconf 89' lang='lat' dir='ltr'><strong>locis,</strong></span> <span class='ocrx_word' id='word_1_268' title='bbox 369 4428 423 4492; x_wconf 93' lang='lat' dir='ltr'><strong>ubi</strong></span> <span class='ocrx_word' id='word_1_269' title='bbox 457 4429 587 4494; x_wconf 88' lang='lat' dir='ltr'><strong>verbum</strong></span> <span class='ocrx_word' id='word_1_270' title='bbox 612 4430 739 4494; x_wconf 87' lang='lat' dir='ltr'><strong>finitum</strong></span> <span class='ocrx_word' id='word_1_271' title='bbox 781 4434 978 4497; x_wconf 86' lang='lat' dir='ltr'><strong>enuntiatum</strong></span> <span class='ocrx_word' id='word_1_272' title='bbox 1010 4454 1073 4499; x_wconf 94' lang='lat' dir='ltr'><strong>non</strong></span> <span class='ocrx_word' id='word_1_273' title='bbox 1098 4433 1237 4516; x_wconf 91' lang='lat' dir='ltr'><strong>claudat,</strong></span> <span class='ocrx_word' id='word_1_274' title='bbox 1273 4434 1308 4502; x_wconf 91' lang='lat' dir='ltr'><strong>id</strong></span> 
     </span>
    </p>
   </div>
   <div class='ocr_carea' id='block_1_9' title="bbox 0 0 1532 5084">
    <p class='ocr_par' dir='ltr' id='par_1_12' title="bbox 0 0 1532 5084">
     <span class='ocr_line' id='line_1_39' title="bbox 0 0 1532 5084; baseline 0 0"><span class='ocrx_word' id='word_1_275' title='bbox 0 0 1532 5084; x_wconf 95' lang='lat' dir='ltr'><strong> </strong></span> 
     </span>
    </p>
   </div>
  </div>
 </body>
</html>
