3050 5084
608 278 826 358 --11-v

112 487 161 551 his
185 489 388 571 cognoscitur
406 487 509 551 verbis
534 490 577 573 (p.
595 487 726 565 468,5):
757 485 839 562 ,sen
866 506 968 567 neque
991 486 1149 569 rhythmis
1181 505 1282 566 neque

111 596 219 659 metris
243 601 399 659 oratorem
424 596 469 656 uti
494 593 597 682 decet,
633 614 671 656 ne
696 613 758 656 uon
785 592 901 672 dicere,
932 593 988 656 sed
1016 613 1142 656 carmen
1167 613 1282 657 cauere

110 700 288 767 videatur.“
338 702 373 764 ln
398 701 464 764 fine
489 707 646 764 tractatus
673 699 843 764 Diomedes
874 701 1031 763 nonnullis
1056 701 1170 779 verbis,
1201 719 1283 780 quae

111 807 195 871 nullo
221 807 313 872 modo
338 828 410 871 eum
439 806 704 890 praecedentibus
738 807 910 870 cohaerere
944 807 1100 889 videntur,
1134 815 1283 887 quattuor
1377 860 1381 869 ..

111 915 322 979 clausularum
347 923 523 998 systemata
548 916 707 998 proponit,
738 914 907 995 quadrata,
941 915 1052 993 incisa,
1080 915 1281 996 confragosa,

110 1018 285 1101 mollia1).
315 1022 465 1085 Varronis
503 1021 582 1085 11111
618 1040 687 1085 esse
720 1022 843 1086 Usener
878 1021 1188 1103 (Situnngsberlelrte
1226 1020 1283 1084 der

111 1128 200 1210 bayr.
229 1127 417 1207 Akademie,
445 1128 703 1211 18911642),
729 1128 867 1192 coniecit
895 1148 935 1191 ex
957 1127 1123 1191 divisionis
1149 1130 1281 1191 ratione.

109 1236 178 1299 Nee
195 1236 311 1298 iniuste
336 1235 411 1298 mihi
436 1233 610 1298 verendum
634 1233 772 1314 videtur,
797 1255 836 1298 ne
861 1234 1001 1299 studium
1028 1235 1105 1298 illud
1132 1234 1283 1298 Varronis

109 1347 282 1423 quaternas
316 1344 430 1423 cuique
463 1342 509 1404 rei
546 1340 706 1404 tribuendi
738 1348 856 1425 partes,
891 1343 1047 1405 rationem
1082 1361 1280 1405 numerorum

110 1449 178 1512 eius
203 1447 392 1512 confuderit.

217 1557 245 1618 l.
295 1555 518 1618 Martianus
535 1555 708 1638 Capella.
736 1557 854 1635 (Halm,
869 1556 949 1619 rlret.
965 1557 1035 1618 Lat.
1050 1556 1280 1635 1111416171.)

108 1661 263 1725 Similiter
286 1682 325 1726 ac
350 1661 521 1726 Diomedes
546 1662 774 1739 Quintilianum
793 1664 967 1727 Martianus
991 1664 1177 1727 Ciceronem
1202 1662 1281 1744 legit

109 1775 143 1832 et
167 1771 337 1851 excerpsit.
385 1766 531 1833 Ceterum
557 1769 684 1833 easdem
709 1771 850 1833 rationes
870 1778 996 1836 secutus
1021 1778 1069 1834 est
1093 1791 1132 1834 ac
1149 1770 1281 1850 Probus,

109 1875 252 1955 Caesius,
270 1875 455 1957 Diomedes,
480 1896 539 1943 nee
567 1878 669 1959 magis
694 1877 757 1940 illis
780 1884 904 1940 veteres
925 1878 1084 1940 clausulas
1107 1878 1281 1960 perspexit.

109 1984 192 2046 Nam
217 1983 292 2046 item
318 1992 414 2064 utque
443 1984 488 2046 illi
513 2003 638 2067 semper
662 1983 741 2046 duas
766 1983 894 2047 ultimas
921 2004 1015 2047 voees
1050 1984 1162 2048 eodem
1188 1983 1281 2046 niodo

110 2109 238 2154 mensus
275 2098 323 2153 est
364 2110 466 2171 neque
511 2110 649 2171 uuquam
694 2091 801 2174 plures
849 2092 998 2174 respexit.
1070 2091 1163 2168 Quod
1200 2092 1281 2175 miro

109 2194 203 2259 modo
247 2197 332 2279 fugit
377 2196 579 2278 Nordennm,
624 2199 677 2279 qui
722 2198 771 2279 ll,
810 2198 875 2261 929
915 2198 989 2262 adn.
1027 2200 1047 2261 2
1092 2199 1280 2263 Martianum

109 2302 387 2367 Pseudo-Asconio
427 2304 568 2387 opponit,
609 2324 799 2385 quamquam
843 2316 958 2368 neuter·
994 2305 1156 2370 Ciceronis
1196 2305 1281 2369 elan-

108 2410 195 2473 snlas
230 2412 403 2493 usurpavit.
453 2411 547 2475 Falso
572 2413 654 2475 enim
681 2411 810 2477 Norden
845 2411 949 2493 docet,
987 2413 1149 2495 Capellam
1175 2432 1281 2476 exem·

108 2516 187 2600 plis:
230 2526 371 2594 „asserat
407 2524 504 2601 eaput
540 2518 659 2601 leges“,
696 2519 859 2602 ,continet
899 2521 997 2583 bonos
1026 2519 1132 2584 eives“
1160 2520 1281 2583 clausu-

107 2623 171 2687 lam
207 2651 286 2693 1111
304 2649 354 2691 a„
375 2625 480 2688 inesse
504 2634 643 2709 putasse.
691 2627 772 2692 Nam
798 2646 947 2710 expresse
970 2627 1025 2690 illa
1050 2647 1090 2690 ex
1112 2628 1217 2690 iambo
1249 2634 1280 2689 et

107 2729 260 2794 trochaeo
291 2730 459 2813 (spondeo)
493 2735 670 2815 composita
694 2753 763 2797 esse
789 2733 944 2815 adiunxit,
978 2753 1168 2816 quamquam
1194 2734 1280 2797 illam

109 2837 381 2920 compositionem,
407 2837 578 2902 dummodo
604 2839 727 2904 duobus
752 2839 871 2903 ultimis
896 2841 1001 2904 verbis
1026 2839 1199 2921 efficiatur,
1230 2861 1281 2904 ne-

109 2964 267 3026 quaqnam
304 2944 469 3008 refutavit.
520 2945 672 3010 Conferas
702 2947 794 3009 velim
826 2948 1004 3030 exemplum
1036 2968 1066 3030 p.
1091 2949 1153 3012 tlt
1188 2947 1281 3022 „litus

108 3049 251 3115 eiectis“.
312 3050 382 3133 Ego
417 3071 455 3115 eo
495 3054 598 3135 magis
630 3054 727 3116 miror
762 3053 946 3119 Nordennm
978 3053 1037 3117 hoe
1068 3053 1279 3137 praeteriisse,

108 3157 193 3239 quod
219 3159 287 3241 ipse
319 3158 511 3222 luculentum
538 3159 686 3224 Martiaui
715 3160 895 3244 exemplum
927 3159 969 3224 ad
1000 3160 1278 3224 demonstrandam

545 3259 548 3265 -
1267 3254 1275 3278 ι

108 3318 192 3382 hauc
215 3318 433 3383 differentiam
464 3319 597 3404 profert,
629 3318 661 3383 id
694 3328 759 3385 est:
799 3320 893 3403 „litus
921 3321 1065 3402 eiectis“,
1102 3330 1133 3385 et
1168 3285 1281 3404 „rupes

106 3479 251 3543 eiectis“.
312 3479 381 3544 Nee
422 3480 562 3562 dubium,
599 3482 673 3562 quin
706 3480 846 3560 Norden,
882 3484 909 3547 si
944 3482 1023 3546 illud
1058 3483 1090 3546 in
1126 3482 1281 3566 exemplis

106 3585 335 3665 Ciceronianis
361 3607 442 3668 quae
468 3574 585 3669 adfert,
619 3588 804 3667 invenisset,
839 3589 1012 3654 clausulanu
1038 3589 1280 3672 dispondiacam

104 3688 152 3752 illi
178 3689 389 3756 adnotaturus
417 3693 524 3757 fuerit.
572 3696 737 3760 Neminem
770 3717 863 3779 porro
895 3696 1040 3779 effugere
1069 3704 1184 3781 potest,
1222 3697 1279 3760 Ca·

104 3795 223 3880 pellam
249 3818 448 3880 nequaquam
475 3801 634 3865 clausulas
662 3827 682 3864 a
695 3845 715 3871 a
730 3830 745 3866 1
763 3827 782 3864 a
795 3845 815 3871 a
828 3827 859 3881 a,
889 3802 1087 3882 dicreticam,
1117 3810 1148 3867 et
1172 3834 1189 3869 a
1205 3862 1220 3868 -
1233 3831 1281 3869 a-

24 3930 26 3935 ’
105 3903 349 3988 dispondiacam
385 3907 504 3971 verbis:
547 3910 686 3992 „scripta
720 3910 777 3974 sed
812 3917 888 3974 nata
911 3909 997 3988 lex“,
1033 3909 1277 3993 ,1111111111ιι

105 4012 263 4076 contineri
301 4015 507 4096 cognovisse3
547 4014 603 4077 sed
640 4015 740 4079 solum
777 4016 1005 4100 paenultimam
1041 4017 1169 4098 longam
1205 4023 1279 4079 ante

104 4120 359 4202 monosyllabum
385 4121 514 4203 longum
539 4121 704 4187 vitandam
730 4143 800 4187 esse
824 4123 1044 4188 demonstrare
1068 4122 1200 4187 studuit.

216 4386 241 4445 1)
270 4384 313 4438 Cf.
338 4386 472 4441 Nordeni
500 4403 527 4455 p.
554 4386 615 4447 929,
643 4386 720 4441 Adu.
741 4389 773 4451 2,
803 4391 854 4443 ubi
886 4390 959 4443 lraee
988 4389 1123 4442 doctriua
1151 4393 1279 4442 vocatur

105 4475 192 4540 ,elue
211 4474 317 4528 hachet
336 4476 561 4545 merkwiirdige
581 4476 735 4530 Theorie“.
