3050 5084
693 304 869 374 -50-

196 521 390 585 quamquam
414 500 536 566 Plinius
559 500 592 563 in
616 497 838 565 enumerandis
870 505 902 563 et
935 497 1150 563 diiudicandis
1183 497 1259 563 viris
1291 492 1374 561 artis

199 609 379 675 rhetoricae
403 608 515 695 peritis
539 628 740 691 nequaquam
763 608 826 671 fuit
850 628 973 692 parcus
997 643 1041 653 —
1060 607 1174 671 Restat
1197 625 1274 689 ergo
1290 624 1377 668 unus

195 718 330 800 Tullius,
356 718 446 783 cuius
469 716 609 799 vestigia
633 717 781 799 sesequi
806 736 868 780 non
892 736 954 780 uno
970 716 1070 780 solum
1096 716 1165 780 loco
1189 713 1374 799 profitetur.

194 824 342 908 Longum
360 831 408 890 est
427 844 613 889 enumerare
637 843 746 888 omnes
769 824 866 905 locos,
892 823 1005 906 quibus
1021 843 1143 888 summa
1160 821 1375 886 admiratione

195 931 236 998 de
260 933 415 998 Cicerone
444 932 592 1014 loquitur.
640 931 757 996 Statim
792 933 823 994 in
857 932 882 994 l.
912 931 984 995 libri
1015 930 1151 1015 epistula
1175 930 1195 992 2
1219 928 1375 1012 legimus:

197 1040 287 1125 „Nec
320 1046 426 1104 tamen
457 1040 583 1104 omnino
607 1038 710 1103 Marci
737 1039 837 1103 nostri
862 1038 1019 1116 ληκύθους
1048 1035 1221 1120 fugimus“.
1267 1037 1310 1100 Et
1339 1055 1376 1100 re

195 1168 271 1213 vera
295 1147 327 1211 hi
352 1146 414 1211 duo
439 1148 498 1211 viri
523 1148 620 1211 totius
643 1148 730 1211 vitae
755 1166 857 1229 cursu,
882 1146 1032 1228 moribus,
1057 1144 1163 1210 indole
1190 1146 1272 1211 adeo
1297 1154 1375 1212 sunt

194 1255 323 1336 similes,
357 1263 391 1317 ut
424 1274 501 1319 sane
534 1254 646 1317 mirum
679 1261 774 1336 esset,
809 1255 836 1319 si
865 1254 951 1317 illum
981 1273 1043 1317 non
1068 1254 1247 1318 aemulatus
1275 1262 1372 1320 esset.

194 1362 231 1426 ln
257 1362 317 1426 hac
334 1369 439 1425 autem
457 1362 643 1442 quaestione
661 1359 927 1427 considerandum
944 1368 1003 1440 est,
1027 1360 1164 1425 Plinium
1192 1362 1254 1424 150
1277 1362 1374 1428 annis

195 1475 266 1552 post
284 1469 469 1533 Ciceronem
487 1468 663 1551 scripsisse,
687 1468 743 1531 illa
759 1475 878 1548 aetate,
895 1487 958 1548 qua
975 1467 1095 1532 minuta
1113 1468 1184 1533 cola
1200 1470 1373 1551 omniaque
1410 1460 1413 1465 ⁴

195 1577 334 1658 Gorgiae
371 1576 567 1660 crepitacula
593 1577 747 1640 revixisse
772 1583 907 1652 constat,
933 1582 964 1638 et
995 1583 1029 1638 ut
1063 1596 1155 1639 nemo
1191 1576 1260 1640 fere
1292 1597 1373 1642 suae

194 1685 310 1748 aetatis
334 1683 450 1764 sardia,
486 1685 631 1766 quamvis
655 1684 718 1748 illis
743 1684 888 1763 obsistat,
926 1689 1032 1765 potest
1061 1683 1157 1767 plane
1186 1684 1371 1767 neglegere,

194 1793 241 1855 sic
265 1791 387 1855 Plinius
411 1810 537 1873 quoque
561 1813 581 1856 a
605 1791 720 1856 facetis
745 1790 957 1854 antithesibus
974 1790 1109 1871 aliisque
1125 1791 1296 1855 luminibus
1315 1793 1372 1856 illo

194 1906 337 1982 ternpore
362 1897 487 1962 usitatis
511 1917 711 1981 nequaquam
744 1918 778 1962 sc
808 1898 971 1962 abstinuit.
1019 1896 1093 1977 Sed,
1128 1899 1160 1959 in
1188 1901 1371 1963 universum

194 2006 220 2069 si
244 2005 378 2087 iudicas,
404 2012 436 2070 et
460 2006 663 2090 periodorum
688 2007 892 2069 extensiones
926 2014 957 2069 et
981 2005 1134 2069 orationis
1164 2004 1302 2088 figurae,
1337 2015 1373 2071 ut

194 2111 301 2176 dicola
325 2119 356 2176 et
380 2113 493 2177 tricola
518 2112 686 2197 asyndeta,
712 2114 876 2179 Ciceronis
899 2113 1006 2177 stilum
1031 2119 1063 2177 et
1087 2112 1275 2194 doctrinam,
1307 2133 1372 2178 non

194 2218 348 2315 Senecae,
373 2221 511 2304 sapiunt.
549 2221 696 2285 Ceterum
720 2222 843 2285 Plinius
866 2240 1003 2304 magnae
1026 2220 1111 2286 illius
1135 2219 1176 2286 ‹le
1200 2221 1273 2284 stilo
1297 2240 1371 2285 con-

194 2326 380 2408 troversiae,
417 2346 499 2408 quae
528 2328 628 2391 multa
658 2328 787 2393 saecula
815 2327 898 2392 inter
921 2327 1058 2392 Asianos
1086 2336 1119 2392 et
1142 2327 1268 2392 Atticos
1298 2328 1369 2410 fuit,
1403 2388 1406 2392 .

193 2454 256 2497 non
280 2432 342 2497 fuit
366 2434 497 2499 alienus.
545 2433 637 2511 Quod
662 2436 829 2519 perspicue
863 2436 1013 2517 cognosci
1047 2441 1152 2519 potest
1181 2455 1221 2498 ex
1246 2435 1319 2499 libri
1344 2435 1368 2498 I.

194 2561 245 2625 ep.
279 2542 310 2624 2,
346 2539 463 2605 deinde
496 2562 536 2605 ex
569 2542 641 2605 libri
678 2542 748 2606 Vll.
784 2563 831 2626 ep.
859 2544 909 2622 12,
942 2544 996 2605 ubi
1032 2543 1158 2608 Atticos
1193 2543 1369 2626 vituperat:

197 2648 306 2727 ,,ὑμεῖς
330 2649 391 2726 γὰρ
416 2649 445 2711 o‘r
469 2648 596 2727 εὔζηλοι
623 2650 744 2734 optima
761 2668 906 2730 quaeque
923 2647 1136 2714 detrahitis“.'
1173 2650 1265 2713 Hanc
1281 2650 1370 2714 litem

193 2764 226 2821 et
250 2755 291 2818 ad
317 2756 476 2821 clausulas
501 2762 532 2820 et
556 2775 720 2820 numerum
745 2755 937 2840 pertinuisse
963 2755 1024 2820 hac
1041 2756 1082 2820 de
1099 2776 1197 2822 causa
1220 2755 1369 2838 equidem

194 2861 395 2941 crediderim,
421 2863 506 2945 quod
530 2864 667 2928 Asianos
690 2862 922 2928 ditrocheum
913 2885 945 2927 ru
979 2863 1104 2929 deliciis
1137 2864 1287 2929 habuisse
1321 2870 1370 2928 est

193 2968 293 3033 tradit
280 2976 348 3033 turn
360 2972 393 3050 ¹).
444 2970 508 3034 Sed
534 2970 688 3035 hocutut
654 2980 746 3034 utse
771 2970 879 3050 habet,
915 2971 1037 3035 Plinius
1063 2971 1220 3036 clausulas
1244 2991 1370 3053 quoque

193 3075 387 3142 Ciceronis
379 3078 468 3142 imita
471 3083 522 3141 tus
549 3085 609 3142 est.
657 3076 735 3154 Quis
760 3077 820 3142 hoc
844 3077 986 3159 negabit
1021 3080 1073 3159 qui
1106 3079 1233 3143 tabulas
1256 3078 1371 3143 Wolffi

192 3202 263 3247 curn
288 3185 369 3250 meis
395 3184 592 3252 contulerit?

302 3327 404 3405 Quam
428 3327 470 3393 ad
495 3349 560 3394 rem
585 3328 806 3394 illustrandam
830 3328 911 3393 haec
927 3329 1042 3394 Wolffi
1065 3329 1181 3413 collegi
1205 3331 1368 3415 exempla:

433 3473 465 3551 1)
489 3472 681 3537 clarissimos
705 3473 793 3536 cives

431 3578 465 3657 2)
490 3579 702 3663 amplissimos
726 3585 858 3663 patruos

430 3683 464 3766 3)
489 3683 677 3751 foedissima
700 3685 833 3750 flamma

429 3792 464 3871 4)
488 3792 762 3876 flagitiosissimae
786 3793 1016 3861 nundinaeau

431 3897 465 3977 5)
490 3900 654 3965 verissime
677 3899 799 3966 iudicat

431 4003 465 4082 6)
489 4006 545 4070 nei
545 4007 612 4071 arie
635 4007 750 4072 f·ecerit

432 4107 465 4187 l)
490 4109 635 4197 dissipat
626 4132 654 4178 rs

431 4212 465 4290 8)
490 4214 586 4283 debet
574 4225 680 4285 tesse

192 4346 406 4361 ——-—-

305 4469 330 4531 1)
351 4469 393 4524 Cf.
413 4472 552 4531 Schanzii
571 4482 668 4535 verba
686 4482 713 4536 Ι2
731 4502 759 4555 p.
770 4487 831 4558 292,
851 4504 931 4558 quae
950 4505 1043 4562 supra
1061 4494 1177 4549 notavi.
