3050 5084
599 314 756 368 ,9,

252 496 307 566 23)
330 539 553 566 „ww-.-
782 497 840 578 26)
865 499 1084 566 ψ-υιι....ν
1172 516 1173 519 “

253 604 308 682 24)
331 646 551 674 --cmm
788 606 843 682 ul)
868 648 1001 674 ,Μ
1176 666 1179 671 .

252 712 307 789 25)
336 754 560 781 mvsa---w
787 711 844 796 28)
869 755 1072 781 υυυ-υ-υ

200 818 279 881 Sunt
303 819 345 882 28
363 820 619 902 compositiones,
645 837 776 900 quarum
795 839 859 897 eas,
886 819 999 901 quibus
1017 818 1160 883 clausula
1177 817 1264 882 Cice-

99 926 224 989 roniana
250 951 383 995 cerr„
406 927 502 1007 inest,
522 926 619 990 facile
645 946 830 1009 cognosces.
868 927 939 992 Non
965 927 1068 990 minus
1091 923 1266 989 undeciens

99 1033 239 1097 occurrit.
283 1032 434 1097 Clausula
457 1032 656 1097 ditrochaica
680 1033 731 1097 vel
755 1033 898 1098 trochaei
924 1034 1098 1098 continuati
1123 1031 1266 1116 spondeo

98 1144 208 1222 quater
243 1141 408 1223 reperitur.
457 1139 627 1204 Clausulae
662 1140 759 1204 tertia
793 1148 825 1204 et
862 1148 977 1221 quarta
1011 1140 1111 1204 finem
1146 1138 1265 1203 heroici

98 1266 203 1312 versus
228 1248 391 1311 continent
416 1254 448 1312 et
478 1257 584 1311 tamen
610 1249 794 1332 probantur.
842 1249 921 1312 Item
947 1250 979 1313 in
1003 1246 1154 1312 clausulis
1178 1247 1267 1312 Cice-

98 1354 242 1433 ronianis,
261 1374 340 1436 quas
353 1367 526 1435 enumerat,
539 1363 661 1438 septem
675 1356 815 1439 reperies
835 1355 1103 1420 huiusmensurac
1117 1380 1138 1419 ι
1147 1398 1168 1423 e
1179 1383 1195 1421 n
1208 1381 1266 1432 r„

96 1461 235 1543 quinque
263 1486 376 1542 Aer„
406 1461 486 1526 duas
516 1485 623 1529 ιφ..
673 1462 826 1547 Apparet,
852 1462 1029 1527 doctrinam
1043 1461 1268 1541 ProhilSacer·

95 1567 176 1633 dotis
193 1589 212 1632 a
229 1568 392 1654 Ciceronis
414 1570 594 1652 praeceptis
613 1589 807 1653 magnopere
824 1568 955 1634 distare.
1003 1569 1099 1636 Nulla
1124 1568 1267 1632 clausula

85 1678 126 1740 'in
149 1676 297 1755 iambum,
322 1675 539 1760 pyrrhichium
565 1683 620 1740 aut
644 1676 830 1760 tribrachyn
856 1677 932 1756 exit,
958 1678 1011 1759 qui
1037 1686 1142 1740 tamen
1167 1674 1267 1759 pedes
1321 1720 1322 1723 =

95 1783 247 1847 hocloco
276 1805 296 1846 a
321 1783 474 1848 Cicerone
502 1783 588 1847 nullo
618 1782 712 1847 modo
749 1791 951 1867 spernuntur.
999 1783 1105 1860 Quare
1130 1783 1266 1847 Probum

95 1891 185 1973 primi
209 1891 328 1954 saeculi
349 1891 592 1974 grammaticum
618 1889 703 1954 hunc
720 1897 892 1955 tractatum
916 1911 979 1954 non
996 1891 1170 1973 scripsisse,
1196 1909 1267 1952 mea

93 1998 251 2063 sententia
275 1997 334 2061 hoc
366 2017 428 2062 uno
459 1997 499 2061 de
535 1998 701 2061 structuris
730 1998 886 2062 evincitur
921 1996 1038 2081 eapite.
1086 1996 1168 2062 Nam
1192 1995 1266 2060 fieri

92 2126 154 2170 non
188 2111 304 2189 potest,
338 2111 372 2168 ut
408 2104 492 2168 illius
526 2104 878 2187 aetatisgrammatici
912 2104 1112 2170 Ciceroniani
1146 2105 1267 2168 numeri

94 2219 159 2276 tam
183 2213 277 2277 alieni
306 2211 434 2290 fuerint,
472 2231 566 2293 quam
592 2211 685 2276 huius
710 2213 825 2296 capitis
842 2218 963 2275 auctor.
999 2210 1145 2293 Accedit,
1182 2209 1266 2293 quod

92 2341 154 2383 non
185 2321 281 2383 semel
318 2318 358 2383 de
388 2318 551 2383 Ciceronis
587 2320 784 2403 temporibus
820 2321 865 2383 ita
900 2318 1039 2399 disserit,
1075 2325 1109 2382 ut
1142 2338 1181 2381 err
1218 2316 1295 2382 his-

93 2426 199 2491 vcrbis
233 2426 380 2491 concludi
416 2427 536 2511 possit,
571 2445 642 2489 eum
678 2426 895 2510 compluribus
937 2431 1009 2510 post
1045 2426 1099 2490 illa
1132 2425 1268 2490 saeculis

91 2533 268 2617 scripsisse.

199 2642 230 2703 5.
258 2639 446 2706 <Caesius
470 2641 627 2705 Bassus.
675 2641 748 2704 Keil
769 2640 823 2704 Cu
842 2640 880 2704 L.
910 2640 967 2721 IV,
992 2640 1056 2704 308
1081 2639 1212 2704 exhibet
1235 2639 1268 2702 in

91 2753 244 2823 tractatu,
270 2747 323 2829 qui
347 2747 531 2812 inscribitur
548 2747 652 2812 Cacsii
671 2748 762 2813 Bassi
788 2746 829 2812 de
848 2749 966 2827 metris,
993 2754 1089 2831 caput
1113 2744 1198 2810 haud
1222 2746 1268 2809 ita

89 2855 189 2918 breve
214 2852 255 2919 de
282 2854 573 2938 compositionibus,
612 2874 673 2936 quo
713 2855 756 2917 52
782 2854 1028 2937 compositiones
1045 2858 1268 2917 enumerantur

89 2970 122 3026 ct
148 2962 304 3045 exemplis
328 2961 535 3025 illustrantur.
584 2960 815 3045 Paradigmata
838 2963 884 3024 ita
912 2962 1089 3043 composita
1113 2969 1196 3040 sunt,
1232 2967 1268 3024 ut

87 3089 263 3151 numquam
288 3087 344 3153 pes
369 3067 500 3131 duorum
522 3068 688 3132 verborum
706 3068 840 3151 syllabis
864 3067 1040 3150 efficiatur,
1057 3067 1114 3132 sed
1140 3067 1268 3130 ultimus

87 3195 148 3260 pes
172 3175 240 3240 sive
263 3180 398 3238 metrum
422 3194 547 3256 semper
571 3175 696 3256 integro
734 3180 859 3238 constet
895 3174 1002 3239 verbo.
1055 3173 1181 3238 Deinde
1205 3194 1267 3237 non

87 3281 191 3347 semel
216 3281 293 3346 talia
317 3281 417 3345 verba
433 3281 465 3345 in
482 3280 657 3364 posteriore
673 3280 745 3345 loco
762 3287 835 3345 sunt
852 3281 967 3364 posita,
993 3282 1102 3363 qualia
1126 3279 1269 3346 classicis

86 3388 289 3471 temporibus
305 3408 408 3472 perse
425 3388 599 3453 clausulam
617 3387 823 3472 effingerent.
866 3388 907 3452 Ut
930 3388 1109 3471 exemplum
1131 3387 1269 3451 afferam

86 3495 258 3581 p.311,28
284 3494 560 3579 compositionem:
589 3495 709 3572 „honus
734 3491 977 3559 consulebatur“
1004 3496 1128 3578 probat.
1168 3493 1269 3571 „Con-

85 3602 275 3667 sulebatur“
310 3602 429 3667 usitata
455 3602 598 3669 clausula
622 3633 700 3675 ,res
716 3632 763 3672 ι,
796 3609 859 3682 est,
893 3601 948 3666 sed
972 3601 1056 3684 quod
1080 3622 1164 3666 nova
1187 3600 1269 3667 ratio

85 3709 174 3774 duas
221 3709 405 3793 postulabat
459 3728 584 3794 semper
637 3730 747 3787 voces,
804 3708 935 3792 aliquod
993 3709 1123 3774 verbum
1179 3728 1268 3792 prae·

85 3814 275 3903 ponendum
298 3822 376 3880 erat.
422 3816 512 3880 Haec
536 3816 577 3880 de
599 3836 663 3899 qua
686 3815 754 3880 dixi
776 3816 879 3893 forma
901 3836 963 3880 non
992 3816 1094 3880 minus
1118 3814 1270 3880 undecies

85 3925 241 4004 occurrit,
272 3924 336 3988 alia
366 3924 420 3989 illa
446 3951 559 3992 ,eene
583 3926 693 3990 octies.
741 3927 862 3989 Auctor
885 3925 918 3987 in
941 3922 1165 3989 enumerandis
1188 3943 1269 3987 com·

24 4076 28 4089 .
85 4032 306 4117 positionibus
329 4032 503 4115 acquievit,
528 4031 784 4114 necquidquam
810 4031 968 4095 adiunxit.
1001 4031 1153 4113 Singulos
1170 4029 1270 4113 pedes

85 4145 182 4202 certo
221 4136 333 4203 ordine
372 4140 560 4224 composuit.
623 4138 770 4203 Caesium
808 4138 954 4221 Bassum,
990 4138 1147 4225 celebrem
1181 4137 1268 4200 illum

24 4248 26 4251 ’
84 4244 188 4330 primi
230 4245 350 4309 saeculi
394 4245 654 4328 grammaticum,
700 4244 795 4308 huius
842 4245 958 4329 capitis
1000 4250 1163 4308 auctorem
1206 4263 1270 4308 non

83 4349 193 4416 fuisse
217 4357 353 4416 constat.

183 4456 214 4522 6.
263 4457 470 4524 Diomedes
490 4461 567 4525 artis
583 4459 812 4544 grammaticae
830 4458 911 4524 libro
930 4458 961 4521 Il
980 4457 1047 4538 (Gr.
1062 4457 1099 4522 L.
1111 4459 1137 4539 I,
1158 4456 1268 4521 468-
