3050 5084
659 263 834 320 ..60-

158 449 273 515 norint.
313 448 368 531 25)
396 448 515 532 rouel
539 470 624 515 ame
646 449 740 514 nimis
764 469 902 531 unquam
928 453 1035 534 putem
1049 486 1091 494 ——
1105 469 1185 514 ame
1200 446 1332 515 nimium

159 560 290 643 (putem.
325 559 380 638 26)
392 559 511 640 20627
527 557 758 640 ignorationem
770 555 897 622 induxit
909 594 952 603 —
965 557 1333 640 ignorantiamdndnxit

159 668 214 746 27)
232 665 331 749 2152
355 685 394 730 ne
407 685 544 750 grovero
568 664 708 730 seribere
731 701 774 710 -
791 685 832 730 ne
844 684 991 747 gravare.
1016 664 1071 744 28)
1089 664 1185 747 220,1
1205 664 1333 731 diversa
1360 726 1365 733 .

160 774 317 839 convertit
341 810 383 820 -
407 771 544 839 adversa
567 772 736 838 convertit.
785 772 841 853 29)
867 772 988 854 243,20
1012 791 1107 853 quum
1130 793 1201 836 eum
1235 773 1277 837 ad
1302 783 1333 838 te

159 880 205 945 lui
231 901 391 964 -quum
427 901 498 949 eum
533 879 619 965 apud
644 886 676 943 te
699 880 788 959 lui1).
839 879 895 957 30)
920 879 1041 960 30222
1076 879 1239 945 celebrare
1267 882 1332 945 uni-

159 989 243 1054 versi
267 989 404 1054 solemus
441 1018 538 1057 333,
562 1025 605 1034 -
629 988 766 1054 universi
792 987 980 1072 praediea-re
1003 989 1150 1052 solemus.
1190 988 1247 1068 31)
1272 997 1329 1054 tur·

159 1097 304 1181 pitudine
328 1095 499 1181 rependit?
532 1129 665 1164 rosor„
685 1133 722 1142 -
751 1095 947 1180 turpitudine
972 1094 1129 1180 rependit,
1149 1098 1250 1181 salva
1274 1106 1328 1163 est.

159 1205 216 1285 32)
233 1205 353 1287 31213
377 1205 446 1287 ipse
463 1224 525 1268 non
538 1203 686 1268 adfectas
701 1236 790 1272 LA„
810 1240 851 1249 —
869 1204 936 1287 ipse
953 1224 1016 1267 non
1034 1211 1170 1288 appetas
1188 1236 1330 1274 nosnos.

160 1312 215 1393 33)
230 1312 327 1393 urso
345 1318 721 1382 cauponans-uuest
737 1343 848 1380 uxi„
864 1348 905 1357 -
925 1311 996 1375 xeo
1014 1310 1130 1375 omisit.
1143 1291 1151 1300 ’
1165 1312 1220 1391 34)
1234 1312 1330 1394 susp

160 1419 309 1485 exiluisse
337 1439 371 1484 se
400 1419 500 1489 sensit
527 1448 635 1487 2021„
662 1455 703 1465 -
722 1419 871 1484 exiluisse
888 1419 986 1484 sensit
1009 1450 1105 1487 rone.
1138 1418 1194 1497 35)
1213 1418 1324 1501 31821

159 1527 326 1612 praevenit
356 1527 459 1592 alteru
495 1559 606 1595 :oros
644 1564 686 1572 -
722 1529 873 1611 excipere
911 1526 1077 1611 praevenit
1117 1551 1260 1597 seusu„
1289 1563 1328 1573 -

161 1633 314 1698 Videmus
338 1635 496 1699 clausulas
519 1635 662 1720 plurimis
686 1635 765 1700 loeis
790 1633 918 1700 easdem
944 1654 1013 1699 esse
1053 1654 1113 1698 neo
1142 1635 1206 1701 ullo
1239 1633 1329 1699 modo

160 1762 244 1807 nova
267 1740 329 1807 hue
354 1739 493 1807 editione
518 1742 705 1807 commutari
737 1742 919 1825 imaginem,
956 1761 1048 1825 quam
1083 1741 1124 1807 de
1149 1741 1231 1806 Plini
1263 1749 1328 1807 arte

159 1868 327 1914 numerosa
350 1851 510 1936 proposui.

268 2084 294 2149 1)
315 2081 357 2135 Cf.
377 2082 456 2136 infra
475 2083 545 2136 adn.
565 2098 591 2152 p.
612 2081 654 2135 44.
