3050 5084
602 321 792 376 -γ-,

94 501 257 565 liberiores
281 507 396 585 poetae
428 549 512 564 ....
542 500 625 583 quod
650 500 734 565 idem
752 501 791 565 fit
816 502 962 576 numeris,
987 503 1150 585 inquibus
1174 504 1264 586 quasi

94 608 278 677 necessitati
303 628 416 690 parere
441 613 630 690 coguntur·“.
678 608 726 672 uf.
752 607 905 673 Rufinum
931 610 1000 688 (Gr.
1025 610 1063 673 L.
1089 610 1263 691 V1,572):
1319 600 1320 603 ¹

97 716 234 798 ,Versus
258 716 342 779 enim
366 721 491 779 veteres
514 715 559 777 illi
584 716 615 778 in
645 714 706 779 hac
730 716 833 780 soluta
858 716 1001 780 oratione
1024 716 1264 800 propemodum,

94 822 154 886 lroc
179 830 227 887 cst
250 842 398 889 numeros
423 822 587 906 quosdam,
620 824 712 888 nobis
735 844 805 888 esse
838 823 1039 889 adhibendos
1061 831 1264 909 putaverunt.

19 938 20 941 ’
95 931 241 1012 Namque
267 929 347 994 baec
371 930 434 994 duo
466 930 587 1009 musici,
622 931 676 1012 qui
709 938 801 994 erant
835 931 993 1013 quondam
1027 931 1102 995 item
1138 938 1264 1015 poetae,

94 1036 269 1100 machinati
305 1036 346 1101 ad
390 1036 586 1121 voluptatem
627 1044 718 1117 sunt,
755 1058 880 1102 versum
923 1044 1019 1121 atquc
1057 1045 1195 1120 cantum,
1230 1045 1265 1103 ut

94 1154 126 1207 et
159 1144 325 1208 verborum
352 1164 482 1208 numero
513 1152 545 1208 et
578 1165 691 1215 vocum
715 1145 819 1213 ¹modo
853 1144 1068 1213 delectatione
1101 1145 1265 1210 vincerent

94 1250 217 1314 aurium
241 1250 432 1315 satietatem.
481 1251 570 1316 Haec
594 1252 691 1334 igitur
708 1250 781 1332 duo,
806 1254 895 1317 vocis
919 1252 992 1316 dico
1016 1252 1265 1318 modulationem

94 1364 126 1421 et
150 1358 318 1423 verborum
335 1359 579 1439 conclusionem,
605 1358 710 1441 quoad
728 1360 880 1423 orationis
895 1360 1052 1424 severitas
1069 1360 1136 1444 pati
1153 1361 1264 1444 possit,

94 1486 113 1529 a
137 1465 263 1548 poetica
297 1463 338 1528 ad
363 1464 576 1547 eloquentiam
601 1464 800 1530 traducenda
824 1464 992 1530 duxerunt.
1040 1468 1163 1549 inquo
1188 1466 1263 1532 illud

95 1580 143 1635 cst
168 1573 218 1636 vel
243 1573 423 1648 maximum,
458 1572 542 1655 quod
575 1593 685 1638 versus
719 1574 750 1636 in
776 1575 930 1649 oratione,
964 1576 989 1637 si
1024 1574 1167 1639 efficitur
1190 1595 1264 1640 con·

95 1679 256 1744 iunctione
281 1680 458 1761 verborum,
483 1680 605 1758 vitium,
640 1687 672 1744 ct
696 1687 803 1744 tamen
827 1681 913 1744 illam
939 1683 1193 1746 coniunctionem
1218 1683 1264 1748 sic

95 1787 141 1850 uti
174 1806 299 1851 versum
324 1806 489 1852 numerose
514 1787 631 1851 cadere
655 1795 687 1851 et
712 1787 870 1870 quadrare
894 1796 926 1853 et
961 1789 1074 1872 perfici
1111 1790 1263 1854 volumus.

94 1894 205 1976 Neque
230 1900 278 1958 est
302 1914 342 1958 ex
366 1895 473 1959 multis
496 1895 600 1976 rebus,
637 1914 719 1976 quae
743 1896 847 1977 magis
871 1904 1028 1960 oratorem
1052 1897 1093 1960 ab
1118 1896 1264 1980 imperito

95 1999 222 2064 dicendi
246 2001 422 2084 ignaroque
445 1998 655 2084 distinguat“.

202 2106 236 2186 3)
260 2106 418 2191 Exempla
451 2114 482 2172 et
507 2109 669 2174 Ciceronis
700 2118 735 2172 ct
759 2109 962 2186 Quintiliani:
998 2109 1143 2175 Oratoris
1166 2110 1263 2189 §223

775 2224 782 2246 1

95 2279 232 2344 affertur
248 2280 443 2364 exemplum:
469 2292 656 2365 comparant
673 2290 784 2347 contra
807 2304 874 2359 nos.
912 2281 1161 2366 Dispondiacam
1182 2282 1265 2346 hanc

94 2387 267 2451 clausulam
297 2407 366 2452 csse
391 2388 541 2472 expresse
566 2389 759 2473 adiungitur.
796 2391 838 2454 Et
855 2399 960 2455 tamen
984 2390 1016 2454 in
1033 2389 1094 2454 hoc
1117 2390 1264 2474 exemplo

93 2513 152 2558 eac
176 2494 319 2577 syllabae
343 2504 477 2559 accentu
497 2498 629 2561 metrico
654 2503 725 2562 sunt
743 2497 895 2581 insignes,
920 2517 1002 2581 quae
1026 2499 1057 2561 in
1082 2497 1264 2582 pronuntia-

94 2602 180 2665 tione
204 2601 301 2665 ictum
325 2623 387 2666 nou
403 2603 532 2684 habent,
557 2624 670 2687 nempe
688 2604 818 2669 ultimae
839 2605 984 2689 syllabae
1000 2605 1089 2669 verbi
1106 2603 1264 2688 trisyllabi

93 2716 125 2773 et
161 2707 324 2792 disyllabi.
385 2710 454 2775 Hoc
489 2712 668 2795 exemplum
693 2710 869 2781 Wuestium
906 2711 999 2795 fugit.
1052 2711 1265 2788 Quintilianus

893 2844 901 2868 '
960 2856 981 2883 υ

93 2921 187 2984 porro
221 2903 311 2966 testis
344 2910 392 2966 est
426 2902 513 2966 bisce
546 2903 716 2986 exemplis:
755 2903 916 2968 Romanus
940 2923 1018 2984 sum,
1056 2921 1137 2983 quae
1166 2903 1265 2966 verba

94 3008 268 3073 clausulam
285 3009 377 3073 huius
397 3009 520 3074 formae
537 3008 670 3073 efficere
692 3009 858 3074 contendit
884 3035 1005 3078 μιν.
1054 3009 1136 3073 Tum
1161 3012 1180 3089 ξ
1202 3010 1259 3073 101

95 3200 144 3277 „is
167 3206 278 3264 contra
300 3204 391 3272 nos“,
416 3200 589 3264 clausulam
613 3198 856 3283 dispondiacarn
880 3218 951 3265 esse
975 3201 1051 3283 vult.
1089 3201 1145 3277 „In
1169 3200 1265 3263 armis

91 3292 160 3370 tub‘
186 3330 318 3376 „arcs
342 3305 508 3370 dochmius
536 3312 595 3372 est.
642 3307 718 3386 §93
750 3307 973 3390 „incipientem
1007 3305 1139 3371 timere“
1170 3325 1264 3388 quam

91 3414 267 3478 clausulam
293 3413 524 3478 ditrochaicam
555 3433 625 3479 esse
654 3433 694 3478 ex
719 3415 913 3497 comparatis
941 3415 1048 3478 verbis
1074 3412 1261 3492 „confitcri“

90 3521 208 3584 elucet.
235 3521 270 3583 ln
282 3521 426 3584 omnibus
440 3520 490 3585 bis
500 3521 656 3604 exemplis
671 3528 823 3586 accentus
834 3541 947 3586 vocum
964 3522 1059 3606 plane
1075 3520 1264 3603 neglegitur.

201 3628 235 3703 4)
272 3628 392 3691 Gellius
425 3629 464 3695 N.
497 3629 562 3692 ott.
592 3629 617 3691 Ι.
654 3648 724 3712 cap.
748 3630 783 3710 7,
814 3629 853 3692 16
884 3628 1023 3691 Tullium
1060 3627 1159 3692 tradit
1194 3628 1264 3692 vel

18 3776 19 3791 2
89 3740 233 3801 contra
268 3734 442 3816 regulam
484 3736 781 3817 grammaticam
823 3736 1030 3800 civitatem
1070 3756 1138 3819 pro
1174 3734 1264 3798 civi-

89 3851 180 3908 tate
205 3841 426 3924 scripsisse,
456 3842 612 3924 simulquc
637 3842 787 3924 ostendit,
812 3843 899 3906 illum
924 3851 1081 3907 oratorem
1105 3863 1145 3906 ne
1169 3849 1264 3906 tetra-

89 3950 239 4035 syllabae
275 3947 404 4031 quidem
440 3950 528 4015 vocis
559 3950 690 4015 ultimae
724 3950 869 4033 syllabae
902 3956 1069 4013 accentum
1099 3949 1264 4013 metricum

18 4088 29 4155 p
90 4061 256 4142 imponere
273 4056 447 4138 dubitasse,
465 4076 535 4120 cum
547 4056 721 4122 clausulam
733 4055 965 4120 ditrochaicam
978 4056 1112 4120 efficere
1129 4055 1264 4120 voluerit

18 4298 26 4423 l

263 4187 273 4214 Ι
348 4194 356 4219 r

255 4215 276 4227 ⁶
316 4206 360 4233 U·
383 4216 403 4232 ’ν

18 4240 28 4295 j.
93 4253 280 4335 „civitatem
304 4252 437 4335 fuisse“,
463 4277 580 4323 acac.

201 4357 288 4423 Satis
311 4368 499 4442 argumenta
523 4360 693 4425 contulisse
711 4360 787 4424 mihi
804 4359 926 4439 videor,
951 4357 1104 4440 equibus
1127 4357 1264 4441 eluceat,

89 4465 253 4535 clausulas
277 4465 503 4532 Ciceronianae
537 4466 615 4530 nihil
651 4466 737 4530 aliud
773 4487 842 4532 esse
873 4466 933 4530 uisi
958 4465 1081 4547 figuras
1106 4464 1263 4547 metricas,
