3050 5084
656 360 833 427 ..52-

157 548 362 638 pellarentur,
381 551 570 638 elatornm“,
595 574 678 637 quae
693 552 747 619 ille
762 552 947 638 repudiavit
967 554 999 618 in
1015 551 1083 619 fine
1100 554 1334 619 enuntiatorum

156 664 273 749 posuit,
285 663 370 745 quod
382 665 502 728 usitata
513 669 561 729 est
572 663 714 728 clausula
730 694 819 730 aa„
838 683 897 727 nco
915 670 991 744 quot
1003 670 1058 728 aut
1070 663 1216 744 qualibus
1229 664 1335 729 verbis

156 777 366 855 componatur
382 772 490 837 refert.
525 772 640 838 Nonne
656 770 760 835 Macci
779 771 925 854 exempla
941 771 966 835 si
984 772 1153 854 percurris,
1171 771 1335 837 Plinianas

156 879 264 962 legere
281 886 375 961 putas
393 877 577 943 clausulas?
610 878 734 962 Nempe
751 877 888 960 utrique,
907 883 939 942 et
952 877 1055 941 Plinio
1073 883 1105 942 et
1121 877 1285 959 Suetonio,
1303 884 1334 942 te

157 985 319 1050 clausulae
346 1017 458 1053 <osas
487 992 519 1055 et
543 1018 633 1052 aas„
662 985 890 1050 usitatissimae
924 991 1004 1048 sunt.
1046 983 1196 1067 Sequitur
1230 986 1334 1050 forma

156 1124 261 1175 aa„
287 1093 336 1156 cui
362 1112 420 1158 eae
445 1113 570 1174 quoque
594 1092 855 1157 adnumerandae
887 1098 970 1173 sunt,
995 1111 1074 1173 quas
1100 1091 1192 1156 Maoe'
1217 1113 1248 1176 p.
1267 1093 1333 1157 390

156 1201 328 1284 ‘separatim
365 1200 520 1264 exhibuit.
560 1200 628 1266 Nec
663 1221 725 1264 non
755 1201 880 1282 figuras
902 1231 1048 1282 roccas,
1081 1231 1216 1266 acm„
1256 1199 1334 1264 Sue-

157 1308 262 1370 tonius
287 1306 398 1370 cadoni
430 1308 553 1370 ratione
590 1306 768 1388 cademque
808 1308 901 1391 copia
937 1326 976 1370 ac
1000 1306 1121 1369 Plinius
1156 1308 1332 1390 usurpavit.

157 1414 262 1490 Qume
303 1416 512 1479 certissimum
551 1415 663 1494 babeo,
704 1415 730 1478 si
767 1415 837 1496 quis
872 1414 974 1478 fusius
1007 1413 1138 1478 Suetoni
1175 1413 1334 1478 clausulas

156 1521 334 1602 indagabit,
360 1523 405 1584 ita
429 1521 507 1603 fere,
533 1531 567 1584 ut
592 1523 660 1604 ipse
684 1523 766 1585 Plini
792 1523 823 1585 in
848 1541 1009 1611 numerum
1026 1519 1088 1585 hac
1109 1519 1332 1586 dissertatione

157 1628 317 1709 inquisivi,
352 1649 421 1691 eunr
457 1629 553 1692 etde
578 1630 671 1712 copia
698 1637 729 1693 et
754 1628 929 1693 deformis
965 1627 1176 1693 clausularum
1212 1627 1333 1694 similes

155 1736 356 1798 inventurum
383 1755 454 1798 esse
477 1737 628 1800 rationes.

636 1950 741 2034 Caput
766 1951 857 2014 Xlll.
937 1956 940 1963 '

156 2091 288 2173 Meyeri
306 2110 421 2175 error,
441 2091 561 2157 Wolfli
580 2093 767 2174 opiniones
781 2090 964 2174 quaedam,
982 2092 1201 2174 Bornecqnii
1217 2094 1332 2160 totins

264 2178 266 2187 ¹
315 2200 490 2264 materiae
514 2217 685 2281 peruersa
712 2200 888 2265 tractatio
912 2199 1167 2279 redarguatur.

263 2360 441 2426 Guilelmus
464 2360 574 2443 Meyer
599 2358 785 2443 (Spirensis)
810 2359 830 2422 l.
856 2379 883 2424 o.
909 2381 940 2444 p.
969 2361 1008 2423 13
1033 2361 1175 2426 secundo
1199 2361 1328 2425 saeculo

156 2475 228 2554 post
244 2467 317 2533 Chr.
335 2489 365 2533 n.
391 2467 565 2532 clausulam
590 2468 742 2532 creticam
767 2468 929 2531 inventam
953 2488 1023 2532 esse
1043 2475 1074 2532 et
1092 2469 1328 2552 percrebruisse

157 2575 275 2641 docuit.
324 2574 417 2652 Quod
449 2577 513 2641 iam
538 2574 669 2642 Norden
701 2575 841 2639 breviter
870 2574 989 2638 refellit
1023 2597 1052 2660 p.
1079 2576 1154 2658 926,
1189 2577 1330 2657 itemque

156 2683 289 2765 Wolfio,
325 2702 396 2746 cum
422 2682 584 2747 Ciceronis
612 2702 701 2746 usum
732 2683 860 2746 uberius
884 2681 1126 2748 demonstravit.
1174 2684 1331 2750 Necnon

155 2792 226 2874 ipsc
263 2790 323 2855 bac
359 2790 583 2855 dissertatione
619 2788 660 2852 ad
698 2789 951 2854 confirmandam
983 2791 1069 2855 illam
1103 2791 1330 2856 refutationem

159 2898 331 2983 contulisse
360 2896 439 2960 mibi
472 2896 593 2960 videor.
641 2895 761 2960 Scribit
797 2897 923 2980 Meyer:
963 2897 1087 2980 ,Allein
1118 2917 1212 2962 wenn
1247 2897 1329 2962 auch

156 3003 214 3069 der
248 3004 402 3069 Kretiker
437 3005 468 3067 in
504 3003 566 3068 den
603 3002 846 3068 Satzschliissen
882 3003 939 3070 des
974 3004 1145 3070 Cicero
1181 3004 1263 3080 oft,
1299 3006 1332 3068 in

156 3110 260 3176 denen
297 3111 354 3176 des
389 3111 582 3174 Plinius
619 3110 846 3175 meistens
882 3109 1083 3193 herrortritt,
1123 3131 1158 3176 so
1194 3132 1261 3175 war
1297 3131 1332 3175 es

156 3218 240 3282 doob
274 3219 325 3282 ein
356 3217 484 3281 knhner
513 3216 674 3298 Entwurf,
709 3216 760 3280 eiu
794 3217 922 3301 System
957 3217 1013 3282 des
1046 3217 1327 3300 woblklingenden

156 3326 268 3392 Satues
314 3324 406 3390 fast
445 3323 833 3389 ausschlicsslicb
873 3324 948 3389 auf
986 3324 1077 3389 dem
1119 3324 1333 3389 Kretiker

156 3430 389 3498 aufzubauen.“
439 3432 512 3496 Alio
546 3433 616 3496 loco
651 3431 815 3495 Ciceronis
849 3438 880 3495 et
913 3432 998 3495 Plini
1031 3438 1139 3496 aetate
1172 3430 1333 3496 clausulas

155 3560 218 3603 non
242 3539 362 3623 passim
387 3538 549 3603 adhibitas
574 3558 643 3603 esse
668 3540 723 3620 ait,
756 3538 812 3602 sed
846 3546 989 3603 oratores
1012 3541 1045 3603 in
1070 3521 1333 3603 commendandis

155 3647 215 3725 his,
249 3647 320 3711 aliis
349 3646 533 3712 refellendis
567 3646 778 3728 acquievisse.
826 3646 971 3731 Apparet
1006 3652 1112 3711 autem
1148 3666 1189 3710 ex
1224 3647 1331 3730 capite

156 3754 370 3835 antecedenti,
403 3774 497 3836 quam
527 3775 588 3818 non
618 3760 705 3818 recte
736 3752 777 3816 de
802 3752 890 3818 hisce
914 3753 1008 3818 rebus
1032 3753 1183 3817 iudicarit
1206 3754 1254 3818 vir
1277 3751 1332 3816 ille

155 3861 196 3927 de
221 3881 254 3925 re
279 3862 413 3926 metrica
436 3881 636 3946 summopere
657 3861 798 3925 meritus.
839 3861 995 3925 Nimirum
1012 3861 1099 3924 3760
1124 3846 1332 3943 epistularum

156 3969 390 4033 enuntiatorum
408 3989 470 4033 non
489 3969 592 4033 minus
608 3969 695 4032 2656
711 3969 730 4030 i.
748 3988 775 4031 e.
792 3968 863 4051 plus
877 3966 968 4049 ld⁰l0
987 3969 1019 4030 in
1039 3967 1198 4032 clausulas
1214 3974 1332 4032 exeunt

156 4076 276 4157 cretico
302 4074 354 4140 vel
377 4075 461 4138 illius
494 4076 653 4139 simillimo
688 4095 813 4160 paeane
841 4081 988 4140 structas.
1045 4075 1087 4138 Et
1120 4075 1196 4139 licet
1219 4073 1332 4139 Cicero

156 4201 228 4245 curn
251 4182 282 4244 in
308 4179 491 4245 adhibendo
516 4182 733 4266 amphimacro
758 4189 897 4266 superet,
921 4188 1029 4245 tamen
1053 4181 1190 4246 Plinium
1214 4181 1247 4244 in
1270 4180 1331 4244 fin·

155 4287 270 4371 gendis
295 4289 433 4352 numeris
450 4289 587 4352 omnium
613 4288 729 4372 pedum
753 4290 849 4372 longe
866 4290 1004 4353 maxime
1027 4290 1146 4353 cretico
1171 4287 1332 4353 studuisse

155 4415 248 4458 nemo
265 4395 408 4478 negabit.
457 4396 550 4462 Nullo
575 4397 673 4477 igitur
692 4395 786 4461 modo
805 4416 884 4481 opus
908 4403 977 4460 erat
1001 4397 1054 4460 illo
1079 4395 1262 4460 ordinatore
1278 4394 1331 4459 vel

156 4501 321 4564 inventore
357 4502 495 4583 Meyeri,
533 4503 586 4583 qui
622 4502 775 4567 creticum
812 4502 845 4567 in
880 4503 964 4568 buno
998 4504 1103 4569 locum
1137 4502 1331 4568 institueret.
