3050 5084
1573 318 1925 373 -16-

578 496 748 579 quod
818 495 1311 579 Quintilianum,
1391 499 1498 581 qui
1571 498 1688 564 has
1758 501 2077 566 clausulas
2154 501 2486 587 probavit,
2564 501 2880 585 magistrum

580 603 822 669 habuit.
894 605 979 669 Et
1027 624 1094 669 re
1143 625 1316 687 vera,
1367 607 1419 671 si
1468 606 1636 671 Plini
1688 629 1884 693 opera
1932 610 2397 693 perquiremus,
2448 608 2709 675 eandem
2750 609 2886 672 illum

577 711 735 776 artis
782 714 1092 777 rationem
1141 732 1432 779 servasse
1478 734 1558 779 ac
1615 713 1987 780 Ciceronem
2037 716 2427 781 videbimuS.
2501 715 2890 799 Monosyllaba

575 839 1033 903 saepenumero
1104 821 1166 884 in
1238 820 1371 885 fine
1449 821 1921 888 enuntiatorum
2002 825 2202 908 ponit.
2338 824 2655 890 Conferas
2719 821 2891 899 velim,

576 934 833 1011 praeter
880 947 991 992 eos
1039 928 1146 1010 qui
1195 929 1257 990 in
1309 929 1511 1012 primo
1548 929 1709 994 libro
1758 938 2119 1013 occurrunt,
2171 933 2290 997 hos
2335 932 2545 997 locos:
2596 927 2895 1012 (Editionis

578 1034 773 1099 Keilii
808 1033 1091 1115 maioris)
1125 1057 1185 1119 p.
1214 1035 1323 1116 37,
1360 1035 1444 1098 26
1485 1038 1825 1120 „prosequi
1859 1037 1960 1102 fas
1993 1039 2154 1103 est“.
2223 1039 2337 1116 47,
2375 1040 2452 1103 17
2498 1037 2797 1123 „omnium
2824 1035 2899 1097 ius

577 1138 736 1207 est“.
785 1142 895 1224 51,
923 1142 1008 1206 25
1047 1142 1264 1226 „locus
1296 1162 1420 1206 non
1455 1141 1601 1208 sit“.
1659 1146 2001 1209 Praeterea
2032 1146 2251 1211 notavi
2292 1145 2435 1228 hos,
2464 1145 2692 1227 quibus
2724 1149 2899 1206 tamen

576 1268 902 1314 numerum
950 1250 1196 1334 impleri
1249 1251 1526 1315 omnium
1559 1251 1733 1317 nullo
1782 1252 1971 1317 modo
2005 1251 2303 1317 dixerim.
2356 1248 2900 1335 63,10-64,25-

578 1357 773 1438 70,10
796 1392 881 1402 —-
905 1358 1119 1439 71,10.
1145 1393 1230 1401 ——-
1257 1356 1453 1434 83,16
1477 1394 1559 1402 —
1585 1357 1737 1439 99,8
1765 1358 2905 1442 -110,12--115,17-121,21-

583 1464 812 1546 148,27
842 1501 923 1509 —
954 1464 1142 1545 197,3
1167 1501 1248 1508 —
1281 1463 1470 1544 199,6
1497 1501 1579 1509 —
1603 1466 1846 1545 217,10
1870 1503 1953 1511 —
1976 1462 2903 1547 248,24—340,8-350,9—

575 1571 816 1653 356,29
842 1608 905 1616 -—
933 1571 1174 1651 366,:26
1201 1609 1269 1617 —
1293 1571 1492 1653 379,4
1510 1609 1592 1617 —
1610 1573 2512 1656 379,6-382‚10-382,14
2530 1578 2599 1652 1).
2653 1567 2910 1644 Accedit,

575 1677 639 1741 id
670 1677 839 1759 quod
866 1680 1309 1762 gravissimum
1339 1685 1458 1760 est,
1487 1679 1656 1761 quod
1685 1680 1855 1764 apud
1885 1680 2155 1745 Plinium
2184 1682 2406 1746 omnia
2441 1681 2584 1746 fere
2611 1676 2914 1744 enuntiata

573 1787 665 1850 ita
714 1786 973 1867 cadunt,
1042 1794 1112 1849 ut
1167 1787 1535 1851 ultimarum
1605 1807 1829 1851 vocum
1900 1808 2246 1872 compages
2313 1790 2615 1871 metrica,
2689 1784 2914 1849 minime

574 1892 866 1974 singulae
914 1913 1106 1958 voces
1154 1913 1268 1978 per
1315 1913 1405 1975 se,
1455 1894 1517 1956 in
1568 1902 1777 1959 certas
1826 1915 2060 1977 easque
2108 1916 2232 1960 non
2282 1897 2375 1960 ita
2410 1897 2652 1961 multas
2700 1893 2914 1957 clausu-

572 2000 774 2064 larum
823 2000 1063 2066 formas
1096 2002 1255 2066 miro
1290 2001 1480 2066 modo
1527 2002 1734 2086 redigi
1769 2003 1990 2087 possit.
2064 2002 2275 2080 Quare
2314 2000 2699 2069 Hexametri
2742 1999 2914 2063 finem

574 2109 666 2172 ita
715 2108 966 2188 vitavit,
1017 2115 1083 2172 ut
1117 2109 1282 2173 inter
1329 2110 1505 2173 5000
1541 2110 1838 2193 exempla
1885 2131 2007 2175 non
2044 2110 2187 2195 plus
2234 2112 2319 2174 50
2355 2115 2727 2177 occurrant.
2804 2101 2913 2170 Sed

574 2215 818 2280 Plinius
867 2215 988 2280 hoc
1035 2216 1295 2281 schema
1331 2218 1586 2280 omnino
1622 2218 1882 2300 respuit,
1931 2238 2079 2294 non,
2113 2228 2180 2282 ut
2215 2217 2446 2302 postea
2480 2218 2636 2283 fieri
2668 2214 2914 2289 solebat,

573 2331 705 2386 tum
753 2324 974 2405 solum,
1043 2344 1184 2387 cum
1254 2323 1380 2388 duo
1451 2325 1674 2388 ultima
1739 2325 1937 2388 verba
1999 2325 2282 2408 singulos
2351 2325 2559 2410 pedes
2618 2320 2915 2389 efficiant.
2963 2380 2964 2417 Ξ

575 2430 896 2496 Accentus
960 2432 1264 2496 metricus
1333 2439 1396 2496 et
1463 2440 1770 2496 accentus
1836 2433 2014 2496 verbi
2082 2432 2458 2516 saepissime
2529 2423 2964 2514 discrepantz?

572 2538 795 2603 ultima
843 2538 1095 2621 syllaba
1144 2559 1367 2604 vocum
1418 2539 1900 2624 exspectatione
1949 2541 2205 2624 saepius
2253 2540 2452 2604 ictum
2506 2538 2917 2605 clausularum
2963 2531 2964 2555 ³

574 2645 787 2710 habet.
882 2647 1242 2729 Antequam
1293 2653 1529 2728 autem,
1580 2667 1740 2729 quas
1789 2647 2112 2711 clausulae
2162 2646 2405 2712 Plinius
2465 2647 2717 2712 formas
2766 2659 2920 2707 usur·
2963 2666 2964 2676 ¹

571 2755 741 2838 parit
788 2755 1250 2838 perquiramus,
1321 2752 1441 2817 hoc
1507 2753 1914 2818 statuendum
1983 2753 2138 2818 mihi
2202 2753 2473 2837 videtur,
2547 2775 2678 2837 quo
2746 2746 2921 2814 modo

575 2861 900 2925 clausulae
949 2860 1251 2944 cognosci
1300 2861 1566 2944 possint.

1563 3022 1655 3086 Ca
1703 3029 1773 3086 ut
1822 3022 1929 3085 IV.

981 3127 1358 3195 Clausulae
1407 3044 1763 3210 quomotilo
1816 3129 2153 3210 cognosci
2203 3129 2508 3210 possint.

786 3256 925 3321 Non
962 3256 1118 3320 satis
1153 3254 1332 3334 haec,
1362 3274 1550 3336 quam
1587 3255 1907 3339 proposui,
1938 3254 2229 3334 quaestio
2265 3254 2618 3337 explanata
2652 3253 2925 3328 videtur,
2963 3257 2964 3276 ³

569 3363 660 3425 ita
725 3369 795 3425 ut
859 3362 1079 3426 facere
1125 3381 1252 3424 non
1301 3362 1560 3444 possim,
1636 3362 1786 3441 quin
1837 3359 2211 3440 diligentius
2258 3361 2320 3422 in
2394 3379 2536 3423 eam
2586 3361 2925 3444 inquiram.

568 3468 904 3535 Neminem
953 3468 1138 3551 fugit,
1209 3466 1536 3532 clausulae
1583 3468 1796 3531 iterati
1860 3467 2078 3530 cretici
2146 3466 2355 3531 inesse
2424 3466 2801 3549 clausulam,
2874 3462 2926 3528 si

568 3577 822 3640 omnino
871 3575 1158 3640 clausula
1205 3580 1323 3656 est,
1389 3574 1555 3638 hanc
1600 3619 1817 3655 nu„
1879 3593 2065 3655 quam
2134 3579 2350 3637 tamen
2398 3575 2629 3659 probat
2679 3572 2927 3652 Quinti-

568 3682 775 3747 lianus
808 3685 869 3763 9,
904 3686 966 3764 4,
1016 3683 1119 3759 99,
1167 3702 1284 3746 nec
1333 3683 1539 3746 minus
1574 3681 1920 3747 clausulam
1984 3680 2426 3746 dochmiacam
2457 3710 2699 3750 maus
2759 3698 2927 3762 quae
2963 3728 2964 3732 ,

575 3793 839 3877 „quovis
889 3792 1028 3856 loco
1063 3796 1219 3875 apta
1265 3787 1400 3855 est“
1440 3791 1601 3865 (Cic.
1631 3790 1862 3856 Orator
1896 3790 2128 3870 3218).
2203 3788 2500 3854 Eundem
2552 3788 2923 3853 dochmium
2961 3772 2965 3880 ff

570 3899 853 3965 continet
887 3899 1172 3963 clausula
1206 3897 1388 3962 huius
1443 3918 1778 3963 mensurae
1818 3925 1971 3970 ga„
1999 3927 2029 3964 ὲ
2053 3916 2248 3977 ,ιυῃ
2299 3895 2622 3960 clausulae
2672 3936 2922 3965 .....

570 4007 788 4070 subest
835 4049 1049 4080 ψψψψψ
1166 4004 1367 4069 Multa
1413 4006 1543 4070 alia
1608 4004 1969 4070 huiusmodi
2019 4003 2314 4088 exempla
2380 4003 2602 4068 afferri
2651 4006 2919 4087 possunt

568 4133 773 4195 neque
824 4113 1103 4177 taedium
1138 4113 1406 4177 movebo
1455 4112 1678 4177 lectori
1714 4111 2162 4175 enumerandis
2195 4111 2344 4191 iuis,
2395 4129 2558 4191 quae
2606 4110 2743 4193 ipse
2792 4106 2915 4172 sibi

784 4307 838 4372 1)
878 4307 1171 4361 Praeterii
1198 4321 1345 4360 sane
1374 4307 1670 4375 permulta
1696 4306 1796 4358 illa
1826 4307 2117 4374 exempla,
2147 4306 2251 4358 ubi
2281 4305 2614 4374 particulae
2646 4319 2756 4372 „eS,
2785 4298 2906 4354 est“

569 4397 942 4466 synaloephe
995 4411 1130 4448 cum
1172 4395 1673 4449 antecedentibus
1715 4395 1917 4448 verbis
1959 4395 2131 4462 quasi
2179 4395 2243 4447 in
2289 4409 2473 4446 unam
2524 4409 2728 4447 vocem
2774 4383 2908 4442 con'-

573 4488 869 4539 crescunt.
