3050 5084
769 352 945 417 „90-

270 531 411 621 editoris,
437 544 489 628 qui
513 543 600 608 nulla
624 543 748 608 ratione
773 543 884 608 habita
908 544 1040 625 numeri,
1066 543 1144 610 solis
1168 542 1388 627 grammaticis
1408 545 1436 607 et

269 651 383 734 logicis
407 651 531 734 legibus
563 651 717 716 orationis
748 659 857 734 partes
881 652 1029 715 seiunxit,
1075 652 1212 736 Negleni
1238 659 1347 716 tamen
1372 651 1436 715 illos

269 758 368 840 locos,
393 760 446 839 qui
463 764 517 822 aut
534 760 670 823 minores
686 767 769 833 sunt,
795 778 888 840 quam
910 765 945 823 ut
967 759 1143 824 clausulam
1160 759 1295 824 efficere
1318 759 1437 842 possint

269 867 318 944 (ut
341 866 455 930 verba:
480 866 592 948 Recte,
616 865 753 947 minime,
779 866 846 930 scio
871 866 1003 947 cetera),
1028 872 1083 930 aut
1107 866 1159 948 qui
1185 864 1225 930 de
1247 866 1438 931 Graecorum

269 972 477 1056 scriptoribus
501 972 626 1037 Graeca
650 971 759 1055 lingua
784 979 856 1038 sunt
880 971 1079 1057 deprompta.
1127 973 1194 1037 lam
1218 979 1254 1036 ut
1275 973 1439 1037 Plinianae

269 1078 423 1144 orationis
447 1080 617 1162 imaginem
642 1079 803 1162 quandam
834 1080 1006 1164 praebeam
1030 1079 1143 1144 lectori
1168 1086 1200 1144 et
1223 1085 1258 1144 ut
1282 1079 1438 1162 quomodo

269 1205 334 1251 rem
351 1184 552 1268 instituerim,
569 1186 707 1271 perspici
725 1188 834 1270 possit,
860 1186 993 1270 primum
1018 1185 1150 1252 secundi
1175 1186 1248 1251 libri
1271 1187 1439 1271 epistulam

268 1293 313 1356 20
336 1299 435 1357 totam
460 1298 656 1378 praeponam
690 1294 857 1359 illustratis
881 1294 1030 1369 numeris,
1064 1292 1180 1358 deinde
1205 1294 1299 1377 primi
1324 1295 1439 1377 epistu-

268 1398 370 1465 larum
394 1400 466 1464 libri
489 1400 773 1482 nonnullorumque
792 1401 982 1486 panegyrici
1005 1401 1146 1485 oapitum
1170 1399 1330 1464 clausulas
1354 1399 1440 1465 dein-

269 1526 346 1592 ceps
368 1507 487 1572 notabo
511 1508 613 1590 iisque
637 1507 767 1573 schema
790 1508 957 1572 metricum
980 1527 1150 1591 apponam.

762 1758 867 1843 Caput
890 1758 945 1827 Vl.

552 1900 587 1983 l)
617 1899 722 1967 Libri
746 1900 897 1967 secunde
922 1899 1079 1983 epistula
1102 1898 1157 1964 20.

376 2046 489 2113 Assem
512 2066 592 2130 para
616 2051 649 2109 et
682 2043 795 2130 accipe
828 2065 957 2110 auream
991 2045 1143 2121 fabulam,
1176 2044 1317 2131 subulas
1340 2044 1442 2108 immo

269 2178 415 2223 1111..
455 2174 528 2217 nam
562 2172 612 2218 me
644 2153 784 2236 priorum
808 2172 893 2217 nova
912 2151 1092 2235 admonuit,
1128 2172 1188 2216 nec
1211 2151 1310 2216 refert
1334 2171 1354 2216 a
1379 2171 1444 2233 qua

263 2262 670 2345 potissimumcincipium
702 2286 881 2331 111111.
946 2260 1100 2324 Verrania
1132 2259 1259 2324 Pisonis
1296 2259 1443 2340 graviter

266 2368 403 2449 iacebat,
438 2367 530 2432 huius
554 2366 627 2432 dico
652 2367 786 2448 Pisonis,
820 2386 912 2449 quem
947 2366 1262 2451 Gulbcvudoptooit
1296 2390 1443 2434 1111..

267 2474 308 2539 ad
342 2475 425 2539 hanc
458 2471 607 2561 Regulus
639 2476 729 2540 benit
766 2497 910 2544 asna„
963 2475 1099 2559 primum
1132 2472 1352 2558 inpudentiam
1387 2471 1445 2537 ho·

266 2582 369 2663 minis,
400 2583 453 2663 qui
477 2583 600 2646 venerit
623 2581 665 2646 ad
691 2601 831 2664 aegram,
857 2582 945 2646 cuius
968 2582 1082 2646 marito
1106 2580 1351 2661 inimicissimus,
1377 2580 1442 2662 ipsi

265 2690 489 2754 invisissimus
508 2689 628 2773 fuerat
654 2714 834 2763 abacos.
882 2689 971 2769 Esto,
1004 2688 1031 2753 si
1057 2690 1146 2752 ocati
1171 2694 1301 2752 tuntum
1327 2708 1442 2756 aa„
1470 2743 1472 2745 ,

267 2803 301 2862 at
325 2798 379 2861 ille
402 2798 498 2862 etiam
530 2798 692 2880 proximus
726 2803 795 2860 toro
828 2795 923 2877 sedit,
959 2815 1021 2877 quo
1056 2794 1119 2877 die,
1155 2815 1218 2877 qua
1251 2794 1330 2860 hora
1363 2801 1445 2861 nata

266 2910 351 2969 esset
366 2905 587 2990 interrogovit
606 2927 724 2972 acam
768 2904 823 2968 ubi
839 2902 952 2985 audiit,
971 2903 1132 2988 componit
1144 2902 1276 2984 vultum,
1301 2901 1445 2966 intendit

266 3009 385 3093 oculos,
410 3017 517 3076 moret
533 3010 633 3093 labra,
651 3011 755 3094 agitat
772 3009 902 3093 digitos,
926 3017 1098 3095 computat,
1124 3008 1221 3088 nihil3
1246 3016 1281 3073 ut
1305 3007 1361 3072 din
1384 3009 1443 3073 rni-

265 3138 369 3184 seram
382 3119 606 3204 expectatione
618 3117 785 3202 suspendit
798 3117 906 3193 babes,
920 3117 1031 3199 inquit,
1047 3116 1296 3183 climactericum
1309 3123 1443 3200 tempas

265 3227 324 3291 sed
348 3227 467 3291 cuades
485 3250 627 3315 11111
653 3225 738 3306 quod
763 3231 799 3288 ut
816 3225 874 3288 tibi
891 3226 994 3307 magis
1009 3225 1131 3306 liqueat
1149 3223 1350 3308 haruspicem
1368 3242 1442 3286 con-

265 3331 377 3413 sulam,
412 3351 505 3414 quem
529 3351 598 3396 sum
628 3334 827 3416 frequenter
851 3339 1011 3416 coopertus
1046 3356 1192 3400 11111
1240 3350 1300 3395 nec
1332 3349 1440 3410 mora3

265 3439 460 3504 sacrificium
494 3438 585 3520 facit,
621 3438 775 3502 adfirmat
807 3445 883 3502 enta
916 3458 986 3501 cum
1022 3437 1162 3502 siderum
1194 3438 1440 3523 significatione

265 3567 447 3632 congruere
472 3567 647 3616 abacos.
694 3544 759 3626 illa,
785 3552 819 3609 ut
842 3544 876 3607 in
891 3545 1033 3629 periculo
1058 3544 1198 3627 credula,
1223 3545 1327 3629 poscit
1351 3541 1439 3608 codi-

265 3652 365 3735 cillos,
379 3653 520 3735 legatum
533 3652 662 3737 Reputo
678 3653 810 3716 scribit:
830 3673 973 3722 1111..
1009 3672 1081 3716 mox
1103 3650 1301 3735 ingravescit
1323 3676 1438 3719 111..
1479 3650 1484 3659 ’

265 3759 384 3825 clamat
407 3760 545 3825 moriens
561 3759 720 3824 hominem
744 3779 881 3841 nequam
898 3758 1058 3843 perfidum
1076 3779 1114 3825 ac
1131 3759 1203 3845 plus
1220 3758 1317 3823 etiarn
1341 3777 1438 3839 quam

264 3868 433 3953 periurum,
465 3866 519 3950 qui
542 3867 603 3932 sibi
628 3886 683 3950 per
707 3868 843 3932 salutem
876 3867 936 3931 iilii
955 3869 1162 3952 periurasset
1197 3890 1309 3934 aaa„
1356 3862 1439 3927 facit
1469 3946 1471 3950 .

264 3974 326 4040 hoc
349 3975 492 4059 Regulus
515 3995 577 4039 non
602 3976 705 4040 minus
728 3975 884 4040 scelerate
909 3994 1003 4056 quarn
1027 3972 1221 4054 frequenter,
1246 3968 1331 4052 quod
1355 3970 1437 4034 iram

264 4081 406 4164 deorum,
442 4102 521 4164 quos
544 4082 614 4167 ipse
639 4080 757 4146 cotidie
781 4081 875 4159 fallit,
915 4080 948 4143 in
978 4084 1075 4163 caput
1103 4076 1241 4142 infelicis
1270 4075 1359 4160 pueri
1384 4077 1438 4141 dc-

264 4195 408 4256 testutur
433 4212 542 4257 11..
590 4187 731 4253 Velleius
755 4187 899 4269 Blaesus
928 4186 982 4249 ille
1005 4183 1147 4269 locuples
1171 4184 1356 4267 consularis,
1381 4204 1437 4249 no-

263 4297 395 4363 vissima
426 4295 611 4362 valetudine
650 4296 905 4381 conflictabatur
940 4320 1051 4361 aa.
1121 4293 1271 4378 cupiebat
1312 4298 1436 4357 mutare
1487 4324 1490 4355 t

264 4411 497 4470 testamcutum
533 4425 645 4471 aaa.
701 4401 845 4485 Regulus
878 4400 931 4481 qui
964 4408 1109 4484 speraret
1132 4400 1254 4484 aliquid
1278 4420 1319 4465 ex
1342 4398 1435 4464 noris

263 4511 392 4595 tabulis,
428 4511 503 4594 quia
535 4530 636 4596 nuper
669 4515 801 4596 captare
834 4527 905 4573 eum
934 4515 1095 4594 coeperat,
1131 4507 1274 4574 medicos
1302 4505 1434 4589 hortari,

1487 4609 1490 4667 l
