3050 5084
1555 260 1869 315 -8-

540 461 704 524 quae
751 448 968 506 tamen
1015 440 1465 508 usitatissimos
1513 461 1734 507 versus
1785 442 1884 506 vel
1938 463 2227 508 versuum
2288 450 2505 527 partes
2561 446 2865 526 respuant.

427 608 433 611 ,
538 549 829 615 Oratoris
853 551 892 630 ξ
923 550 1045 614 187
1082 548 1349 632 legitur:
1407 549 1858 633 „Perspicuum
1890 557 1986 615 est
2011 550 2224 633 igitur,
2260 549 2538 614 numeris
2562 551 2869 613 astrictam

538 656 884 720 orationem
937 675 1075 721 esse
1123 654 1379 732 debere,
1430 674 1649 719 carere
1699 655 2051 721 versibus“.

749 763 810 827 3.
862 761 1390 829 Terentianus
1438 763 1763 827 Maurus.
1846 763 2272 844 Terentianus
2324 764 2602 845 Maurus,
2649 765 2713 828 in
2762 782 2874 846 quo

537 889 660 933 uno
694 870 916 933 nititur
946 869 1296 935 Guilelmus
1322 870 1543 953 Meyer
1578 869 1714 948 (Gr.
1737 869 1814 933 L.
1838 871 1949 954 Vl,
1985 871 2162 954 368),
2190 892 2303 937 sex
2338 872 2627 936 versibus
2660 869 2873 936 eadem

534 976 646 1040 illa
694 978 1024 1060 proposuit
1070 977 1420 1058 schemata,
1471 996 1635 1058 quae
1671 977 1875 1042 Wolff
1922 986 1985 1042 et
2034 978 2299 1045 Norden
2350 979 2721 1044 Ciceronem
2766 977 2877 1041 fre·

535 1083 948 1166 quentissime
994 1083 1365 1170 adhibuisse
1413 1082 1786 1148 docuerunt.
1880 1085 2033 1169 Ipsa
2075 1105 2271 1170 opera
2312 1085 2482 1150 Tulli
2532 1083 2881 1170 inspexisse

531 1190 805 1273 videtur,
842 1211 985 1256 cum
1018 1211 1098 1256 ex
1131 1190 1424 1256 doctrina
1462 1190 1600 1255 eius
1631 1191 1791 1278 haec
1826 1211 2215 1274 cognoscere
2248 1213 2373 1257 non
2405 1192 2543 1258 fere
2590 1192 2878 1278 potuerit.

746 1300 808 1362 4.
860 1296 1619 1380 SacerdoslProbus
1702 1297 1811 1363 Gr.
1834 1297 1910 1363 L.
1934 1298 2045 1380 IV,
2094 1300 2379 1381 40—43‚
2407 1300 2490 1364 10
2531 1300 2783 1366 uberius
2807 1296 2882 1360 de

534 1407 814 1470 numeris
862 1404 1225 1489 disputatur
1280 1404 1601 1469 catholico
1660 1405 1768 1468 illo
1834 1403 2003 1487 quod
2054 1405 2247 1470 Probi
2298 1413 2582 1472 vocatur.
2678 1406 2883 1471 Verba

533 1512 725 1597 plane
793 1510 1019 1576 eadem
1087 1517 1234 1576 sunt
1299 1531 1378 1576 ac
1424 1510 1794 1576 Sacerdotis
1842 1513 1977 1591 (Gr.
2017 1513 2090 1576 L.
2125 1514 2232 1596 VI,
2269 1514 2630 1595 493—95),
2702 1533 2879 1596 quem
2985 1541 2986 1556 κ

533 1624 856 1683 auctorem
929 1638 1070 1683 esse
1119 1619 1416 1683 convenit
1481 1619 1648 1682 inter
1714 1617 1885 1684 viros
1933 1618 2175 1685 doctos.
2288 1620 2500 1686 Primo
2572 1621 2883 1705 expressis

535 1727 746 1791 verbis
795 1726 1144 1791 clausulam
1194 1724 1441 1790 duobus
1475 1724 1713 1791 ultimis
1763 1725 2028 1791 vocibus
2076 1735 2371 1793 constare
2418 1729 2703 1813 explicat
2750 1728 2880 1807 (Gr.

533 1833 608 1898 L.
640 1833 747 1916 VI,
798 1834 950 1913 393,
976 1825 1066 1914 5);
1169 1831 1568 1915 Quamquam
1625 1853 1750 1896 non
1813 1832 1936 1898 sibi
1996 1835 2289 1899 conscius
2353 1834 2554 1902 fuisse
2616 1835 2879 1914 videtur,

533 1960 660 2022 qua
706 1960 774 2004 re
809 1939 1135 2005 Ciceronis
1167 1948 1233 2005 et
1279 1959 1434 2004 suae
1466 1939 1701 2004 aetatis
1748 1940 1993 2004 numeri
2026 1940 2384 2024 differrent,
2433 1950 2651 2008 tamen
2699 1941 2881 2006 diffe-

532 2048 803 2112 rentiam
875 2067 1016 2125 esse
1087 2067 1211 2110 non
1280 2046 1623 2129 ignoravit.
1732 2046 1936 2122 Quam
2011 2047 2298 2113 diversas
2369 2070 2407 2113 a
2468 2049 2883 2115 Ciceroniana

533 2158 747 2216 aetate
795 2149 1392 2232 ProbuslSacerdos
1439 2150 1809 2234 probaverit
1858 2150 2282 2215 clausularum
2332 2153 2601 2236 figuras,
2652 2154 2883 2238 optime

531 2254 901 2339 perspicies,
974 2255 1027 2318 si
1075 2253 1392 2337 quomodo
1441 2252 1712 2317 usitatas
1768 2251 1939 2318 illius
1997 2255 2306 2336 temporis
2354 2256 2675 2322 clausulas
2724 2276 2881 2320 com·

533 2361 877 2426 mutaverit
924 2362 990 2425 in
1031 2361 1357 2440 ⁴clausulas
1414 2367 1566 2424 tunc
1614 2360 2007 2444 plausibiles,
2070 2368 2140 2425 ut
2186 2361 2279 2425 ita
2327 2361 2559 2446 dicam,
2629 2356 2877 2428 videris.

533 2468 687 2534 Sine
737 2467 933 2532 dubio
987 2467 1085 2532 his
1136 2466 1447 2551 exemplis
1500 2467 1816 2531 clausulas
1868 2490 2212 2550 xcx-4222,
2264 2492 2406 2539 Le>
2445 2491 2561 2551 x„
2617 2496 2882 2541 chcs

532 2577 741 2640 inesse
788 2582 1115 2639 auctorem
1172 2575 1362 2657 fugit.
1460 2572 1779 2650 Quantum
1836 2594 2025 2658 porro
2083 2582 2307 2640 auctor
2361 2597 2492 2642 rem
2551 2579 2881 2643 metricam

531 2682 890 2766 neglexerit
937 2682 1003 2745 in
1051 2681 1370 2762 clausulis,
1437 2681 1539 2745 vel
1611 2679 1760 2744 inde
1818 2688 1916 2747 est
1972 2682 2400 2766 perspicuum,
2476 2685 2653 2767 quod
2723 2685 2883 2770 posi-

534 2791 725 2855 tionis
783 2790 1092 2854 rationem
1150 2809 1274 2852 non
1334 2788 1575 2869 habuit,
1646 2789 1754 2852 ubi
1812 2789 2071 2853 verbum
2134 2791 2197 2852 in
2270 2811 2614 2857 consonam
2667 2795 2883 2858 exiens

533 2898 818 2979 sequitur
866 2916 1085 2961 vocem
1143 2915 1424 2960 consona
1471 2895 1899 2959 inchoantem.
1996 2896 2310 2981 Exempla
2361 2898 2654 2982 classica,
2724 2919 2881 2983 quae

533 3003 769 3085 adfert,
844 3004 1302 3085 demonstrant,
1375 3003 1651 3066 Probum
1719 3003 2022 3087 pristinas
2088 3004 2405 3069 clausulas
2453 3010 2709 3073 omnino
2758 3027 2880 3072 non

532 3111 945 3176 intellexisse.
1041 3113 1174 3175 Iam
1239 3130 1456 3175 omnes
1517 3108 1855 3192 clausulas,
1928 3130 2087 3192 quas
2157 3120 2227 3175 ut
2286 3132 2440 3177 suae
2488 3117 2689 3181 aetati
2739 3135 2878 3179 con-

531 3219 861 3285 venientes
910 3223 1257 3298 enumerat,
1309 3217 1618 3300 deinceps
1665 3217 1936 3281 notabo:

902 3328 979 3407 1)
1013 3359 1352 3411 ψ-υ--ῗ-
1930 3326 2034 3404 12)
2082 3369 2474 3396 υυυυυυυ

897 3435 964 3515 2)
1012 3478 1337 3504 „mſs-0
1927 3432 2032 3512 13)
2082 3475 2473 3505 „„„„„„„

897 3541 964 3621 3)
1014 3585 1394 3611 eeeeeee
1927 3539 2032 3617 14)
2081 3583 2404 3611 ------
2425 3585 2466 3612 c

896 3649 963 3726 4)
1013 3691 1397 3718 υυ-υψ--
1922 3646 2029 3726 15)
2084 3689 2461 3719 υυυυυυυυ

896 3757 963 3834 5)
1013 3791 1408 3825 υ--ψ---
1848 3780 1850 3782 ·
1924 3754 2030 3829 16)
2084 3800 2478 3826 „„„„„„

896 3863 962 3940 6)
1011 3898 1109 3932 -c
1125 3901 1403 3933 -----
1924 3864 2029 3942 17)
2086 3908 2483 3934 .......

898 3971 962 4051 7)
1010 4014 1261 4040 -----
1281 4014 1323 4041 υ
1926 3971 2029 4049 18)
2086 4015 2555 4042 ........

897 4079 963 4157 8)
1013 4121 1054 4148 υ
1074 4121 1384 4148 ------
1925 4076 2031 4154 19)
2085 4120 2498 4146 .......

895 4185 963 4265 9)
1011 4226 1446 4255 ........
1920 4184 2031 4264 20)
2082 4234 2187 4275 Γ-
2209 4226 2555 4256 ......

856 4293 962 4371 10)
1010 4333 1276 4361 „„„„„
1920 4293 2030 4371 21)
2078 4277 2453 4365 --c--eg

859 4399 964 4477 11)
1011 4441 1348 4470 „„„„„„
1920 4401 2030 4479 22)
2074 4442 2455 4473 ,,,,,,,
2475 4446 2517 4473 υ
