3050 5084
1540 295 1892 356 -182-
2689 18 2993 411 Ι

542 477 660 547 has
708 480 1026 547 clausulas
1069 502 1188 547 nec
1221 481 1603 547 dochmiaco
1653 484 1872 564 generi
1922 485 2114 566 (quae
2146 483 2351 548 forma
2383 483 2482 547 illi
2520 482 2729 561 inest)
2779 481 2924 546 illas

541 587 962 654 adnumerare
1012 589 1218 655 nullus
1266 589 1578 654 dubitavi.
1677 589 1971 655 Ceterum
2023 591 2394 656 Ciceronem
2446 588 2925 654 dochmiacam

542 696 911 776 clausulam,
962 691 1342 778 quamquam
1377 698 1608 781 probat
1656 697 1830 760 illam
1865 696 2154 763 Oratoris
2191 701 2229 777 ξ
2264 698 2415 780 218,
2467 695 2560 761 de
2597 695 2927 761 industria

538 823 664 866 non
711 801 1082 868 adhibuisse
1132 825 1209 868 ca
1276 803 1357 868 de
1426 824 1622 870 causa
1690 812 1863 887 puto,
1938 804 2106 887 quod
2179 806 2390 870 iambo
2453 805 2522 868 in
2607 803 2929 869 clausulis

543 909 713 973 haud
761 909 896 974 fere
931 910 1109 974 locus
1141 911 1341 975 fuisse
1376 910 1530 974 mihi
1567 910 1842 975 videtur.
1917 910 2128 989 Quare
2154 909 2489 975 Wolffium
2546 911 2928 976 rectissime

540 1015 987 1082 dochmiacum
1037 1037 1360 1082 numerum
1424 1019 1616 1102 plane
1665 1019 2025 1101 neglexisse
2088 1038 2335 1083 cense0.
2383 1055 2468 1065 -
2500 1019 2675 1083 -Iam
2730 1038 2928 1103 porro

540 1123 728 1189 huius
775 1144 1112 1189 mensurae
1158 1123 1506 1210 -cl-„„0
1556 1125 1873 1190 clausulas
1924 1125 2368 1210 inspicientem
2419 1146 2547 1190 non
2605 1125 2927 1207 effugiet,

540 1232 666 1296 illis
712 1251 1024 1316 paeanem
1073 1232 1301 1316 pedem
1352 1233 1612 1297 subesse
1669 1275 1903 1313 -υψψ,
1972 1252 2157 1315 quem
2225 1239 2437 1297 tamen
2505 1233 2734 1297 solum
2810 1251 2927 1315 per

537 1357 606 1403 se
656 1338 1002 1403 clausulam
1053 1339 1281 1402 bonam
1333 1358 1472 1404 esse
1541 1347 1606 1403 et
1654 1338 1880 1403 Cicero
1932 1339 2219 1405 Oratoris
2276 1341 2315 1418 ξ
2354 1340 2482 1403 218
2533 1346 2605 1403 et
2662 1337 2926 1416 Quinti-

539 1445 746 1510 lianus
794 1448 857 1526 4,
892 1446 954 1526 9,
989 1446 1193 1528 95s96
1255 1445 1627 1509 docuerunt.
1722 1444 2151 1511 Nihilominus
2199 1446 2287 1510 illi
2337 1447 2530 1529 priori
2584 1446 2924 1511 schemati

543 1575 871 1622 Loacus
927 1553 1069 1617 illas
1116 1552 1630 1616 admunerandas
1697 1571 1835 1617 esse
1893 1553 2145 1636 singula
2192 1553 2488 1637 exempla
2538 1554 2719 1617 Plini
2778 1572 2923 1637 per-

538 1660 794 1741 quirens
841 1660 958 1724 tibi
1007 1659 1442 1744 persuadebis.
1522 1658 1786 1725 Studuit
1834 1660 1996 1723 enim
2049 1660 2291 1724 Plinius
2340 1659 2462 1723 hac
2508 1660 2737 1724 forma
2791 1660 2922 1724 usi·

536 1764 831 1831 tatiorem
881 1766 1055 1831 illam
1105 1791 1391 1838 ,ιυιιψ
1440 1768 1709 1831 variare.
1778 1765 2082 1830 Similiter
2147 1787 2364 1831 omnes
2424 1774 2687 1832 ceteras
2741 1767 2919 1831 clau·

535 1873 726 1955 sulas,
778 1893 936 1956 quas
985 1873 1193 1939 Plinio
1244 1874 1590 1955 vindicavi,
1636 1873 1775 1957 ipse
1809 1892 1958 1938 usus
1993 1872 2321 1938 Plinianus
2367 1873 2522 1937 mihi
2573 1873 2913 1938 exhibuit.

540 1981 843 2066 Apparet,
891 1982 944 2047 si
978 1980 1100 2046 hoc
1134 1979 1320 2045 modo
1356 2000 1576 2046 omnes
1609 1981 2077 2046 excusserimus
2110 1989 2424 2058 auctores,
2467 1987 2599 2044 tum
2638 1980 2914 2044 demum

535 2087 616 2152 de
663 2087 894 2171 figuris
942 2108 1191 2171 quoque
1240 2089 1665 2153 clausularum
1726 2093 1934 2153 certas
2000 2089 2176 2171 leges
2242 2087 2518 2152 fortasse
2586 2087 2912 2153 constitui

535 2214 742 2279 posse.
823 2195 986 2262 Nam
1037 2201 1169 2259 tum
1219 2194 1530 2276 videmus,
1582 2199 1886 2276 quantum
1919 2195 2271 2258 auctoritas
2320 2193 2503 2259 liuius
2549 2195 2730 2259 illius
2787 2193 2910 2258 viri

535 2301 891 2385 complures
938 2308 1232 2367 auctores
1282 2301 1382 2365 vel
1433 2307 1629 2365 totam
1681 2305 1957 2365 aetatem
2026 2300 2108 2364 ad
2176 2299 2523 2366 imitandos
2591 2319 2912 2366 numeros

532 2409 921 2473 incitaverit.
991 2407 1376 2474 Addendum
1427 2416 1544 2484 est,
1594 2408 1907 2492 syllabam
1941 2407 2221 2472 ultimam
2259 2428 2511 2493 semper
2542 2409 2603 2472 in
2652 2408 2910 2475 nostris

534 2515 836 2580 clausulis
901 2516 1243 2599 ancipitem
1313 2534 1454 2580 esse
1520 2534 1729 2599 posse.
1824 2513 1999 2580 Nihil
2068 2514 2187 2579 hoc
2245 2514 2608 2600 expressius
2669 2514 2907 2580 docuit
2989 2598 2990 2606 ἵ

534 2621 779 2704 Cicero,
828 2621 1076 2687 scilicet
1122 2643 1246 2687 non
1293 2623 1499 2687 minus
1548 2622 1749 2686 tribus
1798 2622 2087 2688 Orator-is
2133 2621 2325 2686 locis:
2395 2624 2433 2702 ἓ
2468 2623 2628 2686 214:
2688 2621 2900 2701 „nihil

532 2728 700 2794 enim
750 2728 834 2794 ad
883 2749 1033 2811 rem,
1085 2738 1375 2794 extrema
1421 2729 1532 2794 illa
1566 2730 1758 2811 longa
1790 2730 1872 2793 sit
1908 2749 1988 2793 an
2026 2729 2300 2794 brevis“.
2372 2732 2411 2810 ἓ
2445 2730 2569 2793 217
2597 2753 2611 2793 :
2652 2731 2900 2808 „Num-

534 2819 722 2918 quam
773 2837 939 2901 enim
988 2837 1274 2918 interest,
1323 2843 1462 2901 uter
1507 2836 1591 2902 sit
1640 2856 1857 2901 eorum
1904 2836 1967 2900 in
2018 2834 2182 2920 pede
2231 2840 2556 2900 extremo“
2610 2836 2901 2917 (scilicet

534 2942 873 3009 trochaeus
920 2964 1001 3008 an
1052 2942 1424 3033 spondeus).
1496 2947 1536 3025 ἓ
1569 2945 1727 3009 217:
1786 2942 2000 3028 „Nihil
2048 2944 2216 3008 enim
2250 2944 2533 3024 interest,
2585 2941 2901 3028 dactylus

532 3057 854 3115 extremus
901 3051 984 3115 sit
1032 3072 1110 3115 an
1177 3048 1515 3117 creticus“.
1612 3050 1855 3115 Plinius
1920 3050 2235 3115 ultimam‘
2271 3050 2586 3134 syllabam
2656 3050 2892 3115 eodem

534 3155 723 3222 modo
773 3163 1085 3223 tractasse
1135 3178 1215 3222 ex
1262 3157 1402 3242 ipso
1458 3179 1575 3224 usu
1623 3157 1793 3222 illius
1860 3177 2242 3240 unaquaque
2290 3158 2531 3241 pagina
2578 3157 2892 3241 cognosci

531 3270 764 3349 potest.

1539 3442 1631 3507 Ca
1681 3448 1748 3506 ut
1797 3441 1872 3505 V.

797 3565 981 3655 Quas
1032 3566 1516 3644 clausularum
1568 3463 1845 3632 fotrmas
1893 3564 2180 3633 Plinius
2232 3565 2600 3633 exhibeat.

747 3692 884 3775 His,
936 3711 1102 3775 quae
1149 3690 1361 3756 adhuc
1410 3691 1701 3776 exposui,
1762 3690 1955 3772 nisus,
2007 3710 2188 3772 ·quas
2238 3690 2556 3757 clausulas
2605 3691 2881 3757 Plinium
2943 3718 2952 3731 ·

531 3799 904 3866 adhibuisse
923 3798 1079 3864 mihi
1105 3800 1553 3884 persuaserim,
1580 3799 1857 3863 breviter
1878 3798 2235 3883 explicabO.
2286 3798 2580 3864 Omnium
2600 3799 2880 3865 maxime

526 3929 678 3974 usus
726 3915 855 3973 est:

746 4018 806 4096 1)
880 4016 1131 4081 Cretico
1204 4017 1579 4080 continuato
1654 4014 1957 4078 trochaeo
2028 4013 2131 4077 vel
2201 4011 2505 4096 sponde0,
2588 4038 2874 4090 Lea-43

529 4126 597 4206 2)
646 4123 1059 4205 Ditrochaeo,
1130 4123 1257 4201 (vel
1325 4122 1631 4187 trochaeo
1686 4122 2055 4186 continuato
2117 4118 2429 4204 spondeo)
2495 4119 2563 4198 3)
2614 4116 2867 4183 Cretico

526 4233 760 4297 iterato
841 4230 967 4311 (vel
1038 4229 1300 4313 dactylo
1368 4229 1765 4306 continuato)
1837 4253 2200 4307 ιυὲιυὲ.
2316 4226 2450 4291 Has
2526 4231 2870 4307 sequuntur

529 4367 885 4418 ,actaeo-2
943 4336 1009 4401 id
1058 4342 1176 4419 est,
1226 4337 1431 4420 prima
1481 4334 1769 4401 clausula
1816 4335 2026 4400 soluta
2074 4334 2202 4400 arsi
2251 4332 2435 4420 pedis
2482 4330 2863 4418 posterioris.
2937 4339 2939 4345 ’

523 4443 592 4524 5)
642 4443 1033 4529 dispondeus
1079 4443 1208 4524 (vel
1240 4441 1564 4527 spondeus
1596 4443 1900 4508 trochaeo
1936 4442 2367 4522 continuatus)
2421 4467 2666 4518 ιυιῦ.
2741 4434 2865 4503 Sed
2937 4453 2939 4457 ·
